2430 3938
158 197 202 261 30
517 194 659 250 Minucii
678 194 813 250 FELICIS

157 340 192 404 in
214 344 383 425 poetarum
406 339 534 404 fabellis
559 340 624 404 suis
648 339 805 404 delectata
828 340 881 404 uel
905 343 1001 423 capta
1023 339 1063 403 ad
1085 361 1172 406 erro

157 452 228 493 rum
258 429 296 492 de
323 429 434 493 multis
463 428 524 492 diis
552 450 664 511 rapere
692 450 899 511 consensum,
928 450 999 493 cum
1025 428 1171 511 philoso-

156 518 294 602 phorum
313 539 445 582 suorum
464 517 634 580 sententiis
653 516 827 598 refellatur,
847 517 962 599 quibus
979 519 1012 580 et
1030 517 1170 583 rationis

121 625 136 672 3
157 610 189 670 et
202 607 376 671 uetustatis
395 605 526 669 adsistit
545 605 729 671 auctoritas.
754 605 931 669 maioribus
947 605 1031 669 enim
1045 606 1170 671 nostris

156 697 223 758 tam
244 694 349 758 facilis
374 695 408 758 in
431 692 605 757 mendaciis
628 693 707 757 fides
730 693 801 775 fuit,
824 698 861 758 ut
883 696 1003 757 temere
1026 693 1170 759 credide·
1195 712 1205 754 r

156 783 223 845 rint
245 784 278 845 et
301 781 453 845 animalia
476 785 693 864 monstruosa,
717 803 806 845 mera
829 781 1001 846 miracula:
1026 779 1171 866 Scyllam

156 870 376 953 multiplicem,
400 868 604 934 Chimaeram
628 870 860 935 multiformem
881 874 914 933 et
932 868 1080 953 Hydram
1098 869 1170 936 feli·

156 958 246 1022 cibus
269 958 458 1022 uulneribus
481 962 702 1022 renascentem
726 962 758 1022 et
778 955 957 1022 Centauros
977 979 1078 1042 equos
1101 958 1169 1025 suis

158 1046 346 1110 hominibus
374 1047 536 1129 inplexos3
565 1050 597 1110 et
620 1046 771 1129 quicquid
798 1045 905 1110 famae
933 1046 1010 1111 licet
1035 1047 1169 1133 fingere,

120 1154 137 1201 4
155 1135 221 1199 illis
245 1140 315 1199 erat
336 1134 477 1199 libenter
500 1134 618 1201 audire.
655 1134 732 1218 quid
751 1134 825 1198 illas
845 1135 946 1199 aniles
964 1134 1106 1218 fabulas,
1129 1136 1169 1201 de
1181 1153 1205 1195 n

154 1223 343 1288 hominibus
372 1244 447 1286 aues
472 1227 504 1286 et
525 1222 611 1287 feras
636 1222 739 1302 fuctus
760 1243 834 1305 esse,
861 1223 1016 1288 stetisset
1040 1223 1168 1306 lupaces,

156 1312 287 1376 arbores
320 1315 417 1394 atque
449 1311 567 1375 fiores?
601 1333 682 1395 quae
710 1312 738 1375 si
767 1314 876 1375 essent
904 1312 1005 1395 facta,
1037 1312 1169 1397 fierent3
1202 1381 1203 1385 ,

120 1418 135 1466 5
155 1400 230 1484 quia
251 1399 322 1464 fieri
345 1421 411 1464 non
433 1403 584 1482 possunt,
608 1399 680 1464 ideo
704 1420 763 1464 nec
786 1400 873 1464 facta
896 1403 980 1464 sunt.
1018 1399 1169 1466 similiter

154 1510 230 1553 uero
254 1488 370 1552 heroas
395 1509 432 1552 ac
456 1488 532 1552 deos
557 1509 683 1571 quoque
707 1489 845 1552 maiores
868 1489 974 1553 nostri
996 1488 1167 1571 inprouida

154 1576 288 1659 creduli,
316 1580 366 1640 set
392 1576 464 1640 rudi
494 1576 701 1659 simplicitate
730 1576 944 1641 crediderunt:
974 1576 1050 1641 dum
1073 1594 1203 1662 regesu

154 1686 229 1728 suos
253 1666 364 1729 colunt
382 1664 545 1750 religiose,
569 1665 643 1728 dum
664 1664 834 1729 defunctos
854 1687 907 1730 eos
928 1663 1114 1730 desiderant
1132 1666 1166 1731 in

152 1753 349 1837 imaginibus
377 1753 497 1834 uidere,
527 1752 602 1817 dum
631 1754 777 1837 gestiunt
800 1775 911 1818 eorum
934 1754 1111 1819 memorias
1134 1756 1168 1819 in

154 1842 272 1905 statuis
305 1840 463 1924 detinere,
495 1863 586 1905 sacra
618 1841 704 1906 facta
737 1846 812 1905 sunt
844 1864 926 1925 quae
954 1843 1084 1906 fuerant
1113 1844 1167 1908 ad·

119 1947 134 1994 e
155 1931 285 2011 sumpta
304 1929 435 1992 solacia.
464 1928 599 2014 denique
619 1933 651 1993 et
670 1933 842 2014 antequam
861 1930 1063 1996 commerciis
1078 1931 1167 1996 orbis

153 2019 281 2101 pateret
295 2021 328 2080 et
343 2019 517 2099 antequam
536 2021 650 2101 gentes
668 2019 751 2089 ritus
770 2040 845 2083 suos
865 2039 1033 2102 moresque
1052 2019 1166 2084 misce·
1178 2036 1202 2076 2⁰

152 2109 239 2188 rent,
267 2126 478 2188 unaquaeque
505 2106 595 2169 natio
624 2107 824 2170 conditorem
851 2129 945 2172 suum
973 2110 1030 2171 aut
1052 2106 1165 2173 ducem

152 2194 308 2278 inclytum
338 2198 394 2258 aut
421 2193 567 2277 reginam
594 2195 745 2277 pudicam
774 2217 891 2260 sexuue
915 2216 973 2260 suo
996 2195 1167 2261 fortiorem

152 2286 208 2347 aut
231 2283 366 2348 alicuius
392 2282 536 2346 muneris
559 2284 611 2347 uel
633 2284 712 2348 artis
731 2286 930 2366 repertorem
948 2285 1167 2350 uenerabatur

152 2375 208 2435 aut
227 2372 330 2435 ciuem
349 2372 453 2436 bonae
472 2371 664 2436 memoriae:
688 2373 734 2436 sic
754 2376 787 2435 et
806 2371 966 2436 defunctis
984 2374 1166 2457 praemium

99 2458 185 2523 aler
204 2459 322 2523 futuris
338 2458 476 2524 dabatur
491 2461 682 2544 exemplum.
708 2462 779 2542 lege
794 2460 1024 2525 historicorum
1043 2462 1166 2546 scripta
1177 2475 1199 2519 2⁵

223 2691 236 2738 1
252 2685 281 2738 in
294 2686 442 2754 poetarum
455 2686 568 2753 scripsi:
581 2684 764 2754 inperitomm
780 2686 815 2757 ΡΗ
826 2691 875 2752 1,2
886 2685 923 2740 ad
938 2702 1061 2741 errorem
1075 2687 1166 2743 mutui

44 2769 46 2774 ’
150 2772 247 2824 rapere
258 2771 408 2810 consensus
419 2761 447 2823 P,
457 2757 564 2811 correus·
572 2757 669 2824 (supro
679 2773 710 2824 p.
720 2755 807 2824 XXX)
819 2762 826 2826 ι]
837 2760 862 2826 5,
873 2763 889 2810 6
899 2756 1071 2812 crediderint
1080 2758 1166 2814 etiam

150 2827 207 2882 alia
224 2829 400 2881 monstruosa
418 2831 438 2878 P
456 2827 543 2881 etiam
561 2827 639 2885 talia.
651 2827 788 2882 Venuleius
807 2827 892 2882 etiem
911 2827 1046 2882 animalia
1066 2829 1164 2885 Gorne-

149 2897 274 2964 iisseuus,
292 2914 342 2954 uos
360 2899 390 2951 et
408 2897 494 2952 aialia
511 2898 624 2964 fecimus
642 2914 675 2952 eu
695 2898 809 2953 etiaalia
824 2900 864 2968 (et
877 2924 911 2945 =
926 2899 1018 2969 etiarn)
1032 2900 1043 2967 l
1056 2905 1073 2954 6
1087 2916 1166 2954 mera

151 2967 291 3023 Oeblerus:
312 2969 383 3022 mira
400 2974 428 3036 P,
447 2969 515 3023 delet
533 2969 573 3024 ed.
587 2970 658 3038 pru
678 2976 692 3024 7
712 2970 865 3023 chimeram
884 2973 924 3037 ΡΙ
943 2969 1079 3024 feralibus
1103 2970 1164 3026 Use-

148 3055 231 3093 uerus
249 3038 389 3094 fertilibus
404 3040 519 3109 Mueblp
532 3041 541 3109 11
557 3045 588 3092 11
608 3041 697 3094 factas
713 3057 772 3094 esse
788 3041 884 3094 stellas
900 3042 929 3094 et
942 3040 1051 3109 lapides
1064 3042 1165 3111 cerurci

149 3110 245 3178 (supra
264 3111 281 3164 l.
301 3111 344 3179 t.).·
362 3110 489 3165 homines
509 3111 538 3164 et
556 3111 590 3165 de
609 3111 769 3165 hominibus
785 3117 805 3163 P
823 3128 857 3166 eu
873 3112 963 3181 ptossu
976 3113 986 3180 ΙΙ
1001 3117 1035 3165 13
1054 3129 1111 3166 non
1129 3129 1163 3169 m.

149 3186 166 3235 1
184 3196 205 3235 s.
225 3181 242 3234 l.
257 3185 277 3232 Ρ
290 3182 300 3250 ΙΙ
316 3186 347 3234 14
367 3198 433 3235 uero
451 3182 550 3236 heroas
569 3198 602 3236 ac
616 3183 683 3236 deos
697 3184 809 3250 scripsi:
827 3199 860 3237 ac
874 3199 941 3237 uero
957 3198 1025 3253 erga
1038 3182 1107 3238 deos
1123 3188 1143 3235 P
1157 3181 1162 3254 t

148 3250 291 3320 inprouidi
308 3258 341 3320 P,
365 3267 432 3306 corr.
452 3252 658 3322 Heumauuusss
678 3258 711 3306 15
734 3253 840 3307 creduli
864 3269 885 3320 s;
909 3254 955 3323 (=
974 3254 1028 3322 set)
1051 3254 1164 3323 scripsi.-

149 3323 269 3377 credulis
290 3323 314 3393 (s
333 3324 456 3391 erasm
474 3325 559 3392 (uuus
577 3340 680 3394 quoque
693 3325 813 3378 homiues
825 3325 974 3392 inprouida
986 3325 1100 3391 medati,
1119 3325 1165 3380 sed

148 3399 173 3448 et
188 3394 272 3465 politi
285 3399 310 3448 et
328 3395 500 3463 turpioribus
514 3396 546 3449 de
560 3397 660 3463 caune)
674 3395 683 3464 ΙΙ
699 3401 731 3450 18
745 3397 839 3450 malim
853 3394 973 3450 retinere
987 3397 997 3465 l
1011 3400 1045 3450 22
1060 3410 1163 3450 sexuue

148 3465 345 3520 Heumuuuus:
364 3482 430 3519 sexu
448 3469 468 3516 Ρ
486 3466 495 3534 ΙΙ
514 3471 548 3520 24
567 3468 616 3520 aut
634 3466 724 3519 ciuem
748 3465 893 3521 Usenerus:
913 3467 945 3520 ut
964 3466 1054 3520 ciuem
1073 3472 1106 3533 P;
1125 3481 1164 3520 uu

147 3538 180 3606 ut
198 3536 274 3592 ciues
288 3535 304 3591 ,9
318 3539 327 3607 l
342 3541 375 3591 25
394 3535 589 3592 historicomm
604 3537 636 3591 P.
652 3538 756 3592 Daniel
772 3542 797 3592 et
816 3537 948 3594 Ursinus:
968 3536 1122 3592 stoicorum
1134 3541 1161 3589 P.
