2430 3938
123 219 162 274 IV
428 217 601 273 EDITORIS
620 217 834 275 PRAEFATIO.

125 364 240 429 nucius
268 362 443 428 Frontonis
471 363 590 447 Apulei
619 362 716 428 Gellii
748 363 949 447 temporibus
976 364 1140 429 interdum

124 452 262 537 aceedit,
291 453 340 516 ita
366 452 506 516 maxime
529 474 596 517 usu
623 452 681 517 illo
710 452 745 516 in
775 451 898 516 deliciis
927 452 1041 518 habito
1071 454 1138 517 eius

125 541 249 627 figurae
272 540 462 624 rhetoricae,
485 563 550 625 qua
568 540 632 604 tria
651 541 809 605 uocabula
827 541 1013 624 asyndetiec
1033 563 1140 606 cumu-

123 632 241 694 lantur.
278 629 363 694 hanc
387 630 506 714 quippe
530 633 563 693 et
581 628 704 694 Fronto
724 629 851 712 saepius
872 629 1005 694 adhibet
1023 633 1056 693 et
1074 629 1140 694 Ha-

124 718 256 782 drianus
279 718 469 802 imperator,
503 717 542 782 cf.
566 715 600 782 O.
623 716 648 783 I.
671 715 707 781 L.
730 716 810 782 VIII
835 717 991 783 253213b
1013 739 1070 783 uos
1094 720 1139 783 la·

118 806 247 889 piditas
266 807 440 890 praedibus
459 806 612 889 maerebam
634 806 858 890 iuocqaulcbus,
881 827 956 889 quos
978 827 1073 889 capue
1090 829 1139 871 ue-

123 895 193 960 here
219 915 313 977 ncqcce
340 895 477 960 attollere
503 915 598 977 neque
627 895 726 960 locare
750 896 821 977 quis
837 897 952 978 possib
981 895 1140 980 adquam

123 985 232 1049 locurn
252 982 283 1049 S.
303 983 435 1048 Dehner
452 981 801 1135 &adrianireliquiae
820 983 836 1047 I
859 1008 890 1069 p.
909 981 967 1070 21)
992 984 1140 1069 exempla

124 1073 229 1136 multa
262 1072 359 1136 etiam
393 1094 431 1136 ex
486 1076 623 1137 rontone
656 1071 839 1156 adscripsit.
890 1072 1007 1138 horum
1039 1072 1140 1157 igitur

125 1164 233 1226 aetate
257 1162 318 1225 etsi
339 1182 404 1225 non
424 1163 536 1244 potest
552 1182 620 1226 non
637 1161 758 1224 uixisse
777 1159 868 1224 Felix
885 1164 1007 1245 noster,
1030 1166 1140 1225 tamen

125 1249 166 1313 ab
200 1248 320 1314 eisdem
349 1252 401 1314 sat
429 1253 480 1314 est
508 1249 653 1313 diuersus
681 1251 795 1333 utpote
824 1247 874 1330 (ut
902 1248 982 1311 mihi
1011 1250 1140 1332 quidem

65 1400 67 1403 .
123 1333 266 1424 uidetur)
295 1359 361 1403 non
387 1337 422 1402 in
444 1337 613 1421 prouincia
637 1336 792 1422 quedam,
820 1336 874 1401 sed
898 1335 1021 1401 Itomae
1044 1341 1139 1401 natus

124 1426 356 1510 educatusque:
376 1425 510 1491 Traiani
529 1425 596 1490 fere
614 1429 761 1509 tempore
780 1425 1032 1490 adulescentiam
1049 1448 1141 1490 suam

123 1515 159 1579 in
191 1516 270 1580 urbe
298 1520 335 1580 ut
362 1515 397 1579 in
425 1515 513 1581 omni
540 1516 700 1579 bonarum
729 1516 847 1579 artium
876 1514 999 1599 studio,
1030 1515 1078 1578 ita
1106 1514 1141 1578 in

124 1604 248 1688 optimo
273 1626 400 1689 quoque
421 1603 516 1668 latini
536 1608 693 1668 sermonis
714 1607 844 1669 auctore
863 1604 1088 1689 cognoscendo
1109 1607 1142 1666 et

124 1691 275 1758 Tulliano
302 1693 431 1778 eloquio
454 1692 583 1776 penitus
607 1692 814 1777 percipiendo
838 1693 980 1777 peregit,
1009 1691 1063 1756 sed
1088 1713 1140 1756 ex-

124 1782 211 1846 culto
242 1782 289 1845 sie
316 1780 448 1864 proprio
477 1780 605 1845 dicendi
635 1802 752 1865 genere
775 1803 851 1845 mox
875 1781 968 1844 annis
992 1780 1140 1844 uirilibus

124 1869 282 1935 nonnulla
305 1867 506 1932 extrinsecus
525 1868 644 1954 adlata,
666 1874 704 1933 ut
721 1868 789 1933 fere
808 1869 847 1932 fit
864 1869 899 1933 in
917 1868 980 1933 fori
1000 1872 1138 1954 oratore,

125 1957 189 2022 sibi
212 1956 440 2021 adhaerescere
463 1978 579 2040 passus
604 1960 661 2022 est.
705 1957 764 2021 illa
787 1959 896 2021 autem
921 1978 993 2020 eum
1013 1956 1139 2032 Quinti-

124 2046 213 2111 liano
237 2044 406 2130 Plinioque
433 2045 559 2109 iuniore
588 2049 620 2110 et
649 2045 809 2110 similibus
833 2045 1017 2110 coniunctio
1042 2049 1141 2130 atque

125 2135 263 2200 societas
291 2134 391 2199 etiarn
419 2133 561 2199 cernitur
588 2133 625 2198 in
651 2134 793 2199 flosculis
823 2134 909 2198 haud
933 2135 1045 2218 paucis
1069 2157 1142 2200 ore-

124 2223 234 2308 tionis,
258 2244 338 2308 quos
357 2221 520 2287 Minucius
544 2221 656 2288 debuit
679 2223 813 2288 lectioni
838 2244 950 2288 eorum
970 2227 1141 2308 poetarum

124 2312 311 2394 latinorum,
334 2333 471 2396 quorum
489 2311 565 2376 inde
584 2334 604 2376 a
621 2311 796 2378 Frontonis
814 2315 961 2397 tempore
981 2313 1088 2377 minor
1105 2313 1141 2376 in
1190 2321 1192 2324 ’

124 2422 240 2486 prosae
255 2401 428 2485 scriptores
443 2400 621 2466 auctoritas
637 2422 706 2467 esse
721 2401 837 2486 coepit.
864 2423 940 2466 nem
954 2423 1019 2466 non
1035 2401 1141 2466 solum

124 2495 257 2575 poetam
275 2489 508 2575 philosophum
526 2488 714 2555 Lucretium
730 2489 821 2555 Felix
840 2493 989 2555 accurate
1007 2490 1142 2574 legerat,

126 2579 182 2643 sed
211 2579 309 2644 etiem
338 2578 373 2642 in
400 2578 523 2642 deliciis
551 2577 668 2644 hebuit
694 2601 767 2643 cum
790 2578 965 2644 Horatium
989 2577 1142 2645 Ouidium

125 2666 293 2732 Lucanum
312 2665 501 2731 quenalem
519 2701 563 2712 -
582 2690 660 2732 nam
683 2666 860 2752 aliorum*)
881 2667 1021 2732 imitatio
1041 2667 1141 2732 nimis

126 2755 252 2820 incerta
272 2758 323 2820 est
344 2791 394 2840 -,
411 2759 482 2820 tum
500 2776 578 2821 uero
597 2760 706 2821 uatem
725 2749 797 2820 κατ’
819 2752 938 2840 ἐξοχὴν
957 2756 1141 2820 Romanum

126 2931 210 2998 rupto
234 2932 314 2984 textu
336 2928 513 2984 uindieentur
536 2929 665 2998 scrIptori
689 2947 761 2999 quae
780 2931 845 2984 sunt
864 2929 935 2984 uitia
953 2928 1140 2984 librariorum.

126 3015 193 3054 nam
210 2999 336 3055 lubidine
355 3000 424 3055 artis
444 2999 559 3055 critIoae
577 3000 664 3055 irenis
684 3003 796 3056 carente
814 3000 944 3056 nonnulli
962 3001 1037 3070 apud
1051 3000 1142 3055 Minu-

127 3071 202 3125 cium
219 3070 337 3126 ferenda
356 3088 416 3126 esse
433 3087 525 3140 nuper
543 3072 682 3141 dixerunt,
700 3089 772 3142 quae
790 3071 821 3126 in
840 3070 946 3126 saeculi
958 3071 1037 3127 tertii
1050 3072 1142 3127 homi-

126 3141 209 3197 nibus
228 3140 426 3197 semibarbaris
446 3143 560 3197 demum
578 3145 695 3213 possunt
712 3142 837 3199 tolerari.

216 3213 244 3282 *)
267 3212 407 3268 eximendi
431 3213 517 3269 etiam
536 3230 569 3268 ex
588 3213 795 3270 commentariis
813 3212 944 3269 nonnulli
961 3229 1067 3268 errores
1085 3214 1142 3269 huc

126 3283 306 3355 pertinentes.
343 3284 433 3339 ueluti
455 3284 542 3340 uerba
564 3303 587 3340 o.
611 3291 637 3356 4,
657 3293 672 3342 6
696 3302 756 3342 eum
779 3286 906 3341 amicitia
932 3301 1014 3354 parce
1039 3300 1143 3356 suuper

128 3361 180 3411 aut
198 3357 319 3426 accipiat
336 3360 387 3412 aut
404 3357 493 3424 factat
510 3356 616 3426 priores
634 3357 803 3427 interpretes
822 3357 858 3412 ad
871 3355 1026 3411 Publilium
1041 3355 1142 3426 Syrum

129 3427 261 3482 referunt.
298 3427 386 3483 immo
403 3427 433 3482 in
452 3428 607 3484 sententias
625 3446 643 3484 a
659 3428 862 3484 recentioribus
881 3429 951 3499 Syro
969 3431 1073 3483 temere
1093 3429 1142 3482 ad·

128 3499 248 3624 scalptas
267 3498 313 3626 (etl.
329 3497 489 3554 Woelfflini
508 3498 596 3554 editio
610 3517 637 3569 p.
653 3502 716 3570 119)
730 3501 817 3556 uerba
830 3499 882 3554 illa
895 3516 930 3554 ex
942 3500 1004 3570 ipso
1018 3499 1142 3555 Minucio

129 3587 159 3624 m
181 3587 307 3626 uxerun.
