2430 3938
423 200 605 258 OCTAVIUS
624 219 647 258 c.
667 207 781 258 34-36.
1063 204 1108 270 55

95 347 213 430 ubique
243 350 402 412 terrarum
429 345 570 432 flagrant
596 368 657 412 nec
679 350 869 432 erogantur:
898 347 945 412 ita
971 349 1108 432 poenale

95 435 175 499 illud
202 435 386 500 incendium
414 457 480 500 non
504 434 632 500 damnis
662 436 844 501 ardentium
869 436 1025 521 pascitur,
1052 438 1109 502 sed

96 525 228 588 inexesa
263 545 434 607 corporum
471 523 669 589 laceratione
705 523 855 590 nutritur.
904 545 960 588 eos
999 528 1145 591 autem4

96 613 210 677 merito
242 611 400 697 torqueri,
433 612 488 697 qui
516 612 612 677 deum
643 614 806 695 nesciunt,
838 616 876 677 ut
906 613 1039 697 impios,
1071 617 1109 678 ut
1135 634 1137 636 ’

67 701 244 785 siniustos,
266 700 330 765 nisi
352 700 510 785 profanus
532 723 628 766 nemo
651 701 822 785 deliberat,
845 725 917 768 cum
940 705 1108 786 parentem

97 790 242 854 omnium
261 793 294 853 et
312 791 455 853 omnium
475 790 640 854 dominum
663 812 730 856 non
751 790 888 856 minoris
912 790 1042 856 sceleris
1066 791 1109 856 sit

95 878 246 963 ignorare
276 900 373 963 quam
405 878 539 943 laedere.
585 882 618 943 ct
645 879 1024 964 quamquam-inperitia
1056 880 1144 946 deis

97 967 238 1031 sufficiat
261 965 302 1031 ad
330 989 483 1050 poenam,
510 967 558 1032 ita
580 972 617 1031 ut
639 967 758 1032 notitia
779 968 885 1052 prosit
907 968 949 1033 ad
970 969 1109 1053 ueniam,

96 1059 208 1120 tamen
232 1103 395 1121 ........
420 1056 449 1120 si
476 1057 643 1121 uobiscum
672 1054 850 1121 Christiani
877 1078 1109 1142 comparemur,

56 1161 84 1200 10
98 1144 246 1228 quamuis
283 1145 317 1208 in
353 1145 520 1209 nonnullis
553 1144 725 1229 disciplina
761 1149 873 1210 nostra
908 1147 1016 1211 minor
1050 1150 1109 1229 est,

97 1233 200 1298 multo
219 1236 329 1297 tamen
346 1233 441 1297 uobis
460 1234 610 1298 meliores
630 1233 914 1319 deprehendemur.
943 1257 1002 1299 uos
1022 1235 1108 1299 enim
1128 1253 1144 1304 a

98 1321 257 1386 adulteria
288 1321 467 1405 prohibetis
496 1327 528 1386 et
554 1321 677 1405 facitis,
709 1344 770 1388 nos
803 1322 958 1388 uxoribus
988 1323 1108 1389 nostris

98 1409 300 1475 solummodo
318 1410 384 1474 uiri
402 1411 576 1494 nascimur,
596 1432 656 1476 uos
676 1411 797 1476 scelera
815 1411 957 1476 admissa
975 1411 1110 1496 punitis,

97 1499 183 1582 apud
203 1520 264 1564 nos
283 1501 316 1562 et
334 1501 477 1582 cogitare
495 1520 628 1581 peccare
648 1502 712 1583 est,
734 1521 793 1564 uos
813 1500 958 1564 conscio·
976 1499 1110 1583 timetis,

56 1605 82 1645 rs
97 1610 156 1652 nos
180 1588 279 1650 etiam
300 1587 531 1651 conscientiam
548 1587 668 1671 solam,
691 1587 760 1652 sine
779 1609 843 1671 qua
861 1608 932 1651 esse
950 1608 1017 1653 non
1035 1610 1109 1671 pos·

98 1697 223 1757 sumus3
254 1675 390 1759 denique
414 1675 452 1738 de
480 1679 589 1739 uestro
618 1696 752 1740 numero
780 1696 923 1740 carceres
951 1679 1111 1760 aestuant,

98 1762 306 1828 Christianus
338 1764 385 1828 ibi
416 1763 525 1828 nullus
557 1764 622 1828 nisi
650 1766 707 1828 aut
734 1786 808 1828 reus
838 1785 914 1828 suae
941 1764 1109 1850 religionis

98 1857 155 1916 aut
185 1851 352 1937 profugus.
397 1873 457 1918 nec
485 1853 524 1917 de
555 1853 624 1917 fato
659 1853 831 1937 quisquam
864 1856 922 1917 aut
954 1853 1163 1921 solariumst

98 1945 208 2026 captet
233 1944 291 2005 aut
314 1944 445 2006 excuset
467 1944 629 2006 euentum.
666 1942 711 2006 sit
733 1963 803 2006 sors
827 1940 991 2024 fortunae,
1018 1963 1110 2006 mens

57 2048 84 2087 20
98 2036 209 2095 tamen
229 2031 333 2095 libera
356 2033 418 2114 est3
442 2033 475 2095 et
497 2031 569 2095 ideo
592 2034 684 2095 actus
707 2029 859 2115 hominis,
882 2052 948 2096 non
968 2031 1110 2115 dignitas

98 2120 267 2184 iudicatur.
310 2118 387 2204 quid
410 2119 495 2183 enim
520 2119 608 2184 aliud
636 2123 686 2184 est
712 2120 819 2184 fatum
842 2142 939 2204 quam
963 2120 1048 2203 quod
1071 2118 1110 2182 de
1129 2136 1145 2184 2

98 2229 291 2291 unoquoque
320 2210 468 2271 nostrum
496 2207 574 2273 deus
602 2209 689 2272 fatus
717 2207 789 2272 est?
821 2208 877 2290 qui
905 2229 977 2272 cum
1004 2207 1111 2291 possit

98 2296 258 2379 praescire
281 2296 460 2377 materiam,
483 2317 541 2378 pro
565 2295 692 2360 meritis
711 2300 744 2359 et
762 2296 976 2380 qualitatibus
1000 2296 1110 2380 singu-

99 2386 205 2449 lorum
230 2383 327 2447 etiam
350 2383 421 2449 fata
443 2383 647 2448 determinat.
688 2385 734 2448 ita
757 2384 791 2447 in
814 2383 909 2448 nohis
932 2405 999 2448 non
1022 2384 1111 2469 geni·

58 2490 85 2530 2⁵
99 2477 174 2538 tura
196 2472 356 2556 plectitur,
379 2472 434 2537 sed
457 2472 577 2553 ingenii
600 2475 718 2537 natura
740 2472 882 2556 punitur.
919 2493 957 2537 ac
980 2472 1019 2537 de
1042 2472 1111 2536 fato

99 2563 180 2626 satis
209 2583 320 2626 sumus
348 2561 448 2627 locuti
477 2575 536 2646 pro
565 2564 724 2645 tempore,
752 2560 948 2645 disputaturi
975 2561 1056 2625 alias
1080 2563 1112 2624 et

98 2651 228 2715 uberius
257 2655 291 2715 et
317 2651 453 2734 plenius.
497 2653 640 2715 ceterum
668 2649 754 2733 quod
780 2650 927 2733 plerique
955 2666 1147 2733 pauperesa

99 2739 249 2819 dicimur,
276 2743 415 2803 nonest
441 2739 575 2803 infamia
602 2741 728 2817 nostra,
756 2737 812 2802 sed
835 2739 954 2822 gloria,
985 2738 1112 2802 animus

100 2828 186 2892 enirn
219 2831 256 2891 ut
287 2828 365 2891 luxu
398 2828 551 2912 soluitur,
582 2828 630 2892 ita
661 2826 851 2911 frugalitate
882 2826 1039 2890 firmatur.
1080 2831 1149 2893 et4

172 3060 187 3107 3
207 3051 338 3108 inexaesa
356 3058 375 3104 P
393 3055 403 3122 ΙΙ
426 3058 441 3107 6
464 3059 526 3122 post
544 3053 661 3107 minoris
679 3070 780 3108 rasura
799 3053 830 3107 irc
848 3057 867 3103 P
886 3054 895 3122 {l
919 3058 934 3107 ἵ
953 3053 1048 3107 ledere
1066 3057 1087 3104 P
1104 3052 1114 3125 ll

100 3131 116 3179 9
135 3126 251 3179 lacunae
269 3125 350 3193 styria
363 3125 461 3193 posui:
479 3125 555 3179 haud
571 3140 665 3193 pauca
680 3124 880 3179 interciderunt
893 3123 903 3192 ΙΙ
918 3128 951 3177 10
965 3121 1069 3195 minor]
1085 3142 1114 3177 m

99 3213 120 3250 a.
142 3197 167 3263 l,
187 3212 226 3250 arr
243 3213 278 3249 m.
294 3201 309 3249 1
328 3197 470 3262 incertum,
484 3195 527 3264 Pu
543 3199 575 3249 13
595 3194 741 3249 solumodo
756 3200 776 3246 P
794 3212 828 3248 m.
847 3194 888 3263 111
904 3200 937 3250 16
956 3211 1051 3250 carcer
1068 3210 1114 3248 ex-

100 3268 212 3321 aestuat
225 3272 253 3333 P,
272 3282 341 3322 corr.
358 3267 385 3319 I.
400 3267 428 3320 I.
444 3266 648 3321 Cornelisseuue
666 3267 724 3321 coll.
746 3266 817 3321 Tert.
838 3266 909 3334 apol.
929 3270 965 3319 44
979 3268 988 3336 ΙΙ
1004 3272 1036 3320 19
1056 3282 1115 3320 sors

100 3338 297 3392 Heumurmus:
311 3336 424 3391 sortisP
438 3339 447 3406 fl
461 3342 495 3392 20
511 3336 645 3406 dignitas]
660 3335 796 3391 natiuitas
806 3335 955 3391 Ferrarius
968 3337 977 3405 11
992 3342 1026 3390 22
1040 3336 1115 3391 fatus

101 3408 236 3463 Suburae:
254 3407 344 3464 fatum
358 3413 379 3460 P
392 3409 402 3478 u
416 3414 449 3462 23
465 3408 625 3479 materiam]
644 3407 776 3462 meritum
796 3408 860 3476 (ta)
876 3409 1002 3478 Hcycr'us
1020 3407 1115 3461 futura

101 3479 299 3547 Herculaneus·
312 3498 350 3535 un
365 3479 513 3534 mentem?
523 3478 532 3550 ll
542 3484 575 3532 26
591 3495 686 3533 sumus
701 3477 789 3533 locuti
801 3479 915 3547 scripsi:
930 3478 976 3532 uel
991 3478 1116 3548 sipauoa

100 3555 121 3600 P
139 3550 148 3618 ll
167 3557 200 3605 27
220 3552 331 3606 uberius
350 3551 505 3606 Meursr'us:
524 3549 615 3604 uerius
633 3554 661 3604 P.
