2430 3938
34 146 41 160 ι
146 197 188 261 32
500 195 644 252 MINUCII
661 195 799 251 FELICIS

143 342 325 408 Ianiculum
351 342 464 426 Ianus,
497 341 538 405 ad
566 340 756 405 memoriam
783 342 916 425 uterque
944 341 1158 428 posteritatis,

111 432 353 516 rreliquerunt.
390 430 487 495 homo
512 430 614 513 igitur
635 429 747 512 utique
770 429 826 514 qui
849 428 947 514 fugit,
969 429 1072 495 homo
1096 432 1158 497 uti·

145 542 207 605 que
230 520 285 605 qui
307 520 414 602 latuit,
437 521 470 582 et
492 523 586 601 pater
608 517 748 582 hominis
772 521 805 582 et
826 521 922 583 natus
947 541 986 582 ex
1008 518 1158 602 homine;

145 608 265 673 Terrae
293 608 380 671 enim
405 608 457 671 uel
481 604 571 671 Caeli
598 605 698 686 filius,
727 606 813 690 quod
826 606 922 758 ,apud
944 605 1048 672 Italos
1073 613 1160 673 esset

144 697 267 780 ignotis
290 696 479 779 parentibus
501 694 648 777 proditus
666 695 716 758 acl
733 696 890 776 repentino
908 697 1095 780 uduenmset,
1116 702 1161 764 est
1180 716 1192 759 a

145 787 316 869 dictas3ut
340 785 374 849 in
396 783 588 848 hodiernum
611 782 781 865 inopinato
804 783 893 848 uisos
917 784 1007 849 caelo
1030 785 1160 888 missos,

111 872 307 956 signobiles
339 875 372 936 et
403 872 585 958 ignotost
586 893 676 934 errae
708 870 792 935 filios
828 871 1043 938 nominamus.
1090 874 1160 941 eius

146 960 233 1025 filius
260 959 407 1045 Iuppiter
435 959 549 1025 Cretae
577 960 707 1024 excluso
735 962 869 1042 parente
896 961 1064 1045 regnauit,
1094 961 1160 1028 illic

147 1049 238 1131 obiit,
215 1049 328 1113 tillio
350 1048 437 1112 filios
455 1047 585 1112 habuit.
609 1047 713 1112 adhuc
732 1051 862 1112 antrum
880 1046 970 1112 Iouis
988 1049 1111 1115 uisitur
1128 1053 1161 1117 et

147 1137 330 1220 sepulcrum
353 1137 421 1201 aius
445 1135 633 1219 ostenditur,
658 1139 691 1200 et
713 1136 792 1219 ipsis
819 1136 920 1200 sacris
948 1137 1016 1202 suis
1044 1137 1194 1205 huma-u

112 1243 128 1292 a
147 1225 263 1290 nitatis
283 1225 439 1310 arguitur.
468 1225 610 1290 otiosum
629 1229 680 1288 est
698 1223 745 1288 ire
764 1245 821 1307 per
840 1225 987 1309 singulos
1003 1228 1038 1289 at
1054 1229 1161 1293 totam

148 1313 265 1380 seriem
291 1313 419 1398 generis
442 1313 537 1377 istius
562 1313 731 1396 explicare,
754 1333 828 1377 eum
851 1313 886 1376 in
907 1313 1023 1396 primis
1044 1336 1179 1398 paren»

145 1403 234 1467 tibus
260 1403 401 1486 probata
428 1401 610 1466 mortalitas
638 1401 673 1464 in
700 1404 824 1466 ceteros
852 1401 923 1484 ipso
949 1401 1063 1467 ordine
1091 1426 1161 1470 suc·

148 1490 302 1555 cessionis
321 1490 496 1574 influxerit,
514 1489 578 1554 nisi
595 1489 679 1554 forta
692 1492 768 1572 post
781 1493 920 1554 mortem
935 1489 1012 1555 deos
1025 1491 1162 1578 fingitis,

146 1583 183 1643 ut
209 1580 392 1663 perierante
414 1578 553 1645 Proculo
581 1578 660 1643 deus
682 1577 841 1643 Romulus
871 1583 905 1644 et
931 1577 1013 1643 Iuba
1036 1578 1161 1647 Mauris
1174 1598 1196 1641 a

147 1668 333 1733 uolentibus
354 1668 432 1733 deus
451 1671 501 1732 est
519 1672 552 1731 et
572 1667 639 1731 diui
658 1667 755 1731 ceteri
773 1687 877 1751 reges,
900 1667 956 1751 qui
974 1689 1161 1735 consecran-

147 1761 202 1821 tur
224 1779 290 1822 non
313 1757 353 1821 ad
375 1756 473 1820 fidem
500 1756 657 1838 numinis,
685 1755 741 1819 sed
764 1755 805 1818 ad
827 1755 985 1820 honorem
1008 1758 1160 1823 emeritae

96 1862 129 1911 10
147 1845 332 1927 potestatis.
368 1844 481 1908 inuitis
503 1843 556 1908 his
581 1844 718 1927 denique
736 1843 798 1908 hoo
816 1865 936 1909 nomen
954 1843 1161 1912 adscribitur:

149 1935 265 2014 optant
291 1933 326 1996 in
348 1931 480 1997 homine
503 1953 724 2015 perseuerare,
750 1932 822 1996 fieri
845 1953 878 1996 se
902 1931 979 1997 deos
1003 1938 1160 2020 metuunt,

148 2020 211 2083 etsi
233 2019 298 2083 iam
323 2041 416 2083 senes
434 2019 560 2084 nolunt.
591 2041 667 2104 ergo
686 2041 745 2084 nec
763 2021 802 2084 de
825 2021 961 2086 mortuis
980 2021 1036 2105 dii,
1058 2044 1160 2106 quon·
1173 2041 1198 2082 ao

147 2110 214 2172 iam
233 2108 310 2172 deus
334 2108 419 2172 mori
440 2129 507 2173 non
531 2112 648 2192 potest,
671 2129 729 2173 nec
746 2108 791 2172 dii
809 2109 880 2173 nati
900 2114 984 2193 sunt,
1007 2111 1160 2194 quoniam

148 2196 287 2261 moritur
315 2217 411 2261 omne
439 2196 526 2281 quod
553 2197 713 2280 naseitur3
743 2196 890 2262 diuinum
913 2201 1022 2263 autem
1045 2198 1080 2263 id
1103 2205 1161 2285 est,

97 2303 128 2352 11
149 2285 235 2370 quod
253 2307 312 2351 nec
331 2289 438 2351 ortum
458 2285 558 2350 habet
576 2307 635 2350 nec
654 2306 813 2351 occasum.
850 2308 907 2352 cur
925 2286 1021 2369 enim,
1044 2289 1074 2353 si
1092 2289 1161 2355 nati

148 2380 233 2457 sunt,
255 2396 322 2439 non
346 2374 506 2460 hodieque
524 2375 723 2440 nascuntur?
745 2375 810 2439 nisi
827 2374 912 2441 forte
929 2375 997 2441 iam
1014 2373 1163 2461 Iuppiter

149 2463 257 2527 senuit
284 2467 317 2528 et
344 2467 457 2547 partus
481 2464 516 2527 in
539 2463 664 2529 Iunone
688 2462 804 2527 defecit
827 2467 860 2529 et
881 2462 1029 2529 Minerua
1052 2467 1198 2531 canuitu

149 2554 323 2635 antequam
354 2552 489 2636 peperit.
535 2574 576 2615 an
608 2552 680 2616 ideo
714 2552 855 2616 cessauit
890 2553 954 2616 ista
985 2555 1163 2638 generatio,

148 2641 302 2724 quoniam
327 2641 418 2705 nulla
441 2640 626 2705 huiusmodi
648 2640 768 2705 fabulis
790 2641 966 2725 praebetur
989 2641 1163 2708 adsensio?

97 2746 129 2794 11
149 2732 292 2794 ceterum
320 2729 348 2793 si
376 2729 421 2793 dii
449 2750 557 2793 creare
584 2732 732 2812 possent,
762 2728 896 2795 interire
923 2750 991 2794 non
1018 2734 1163 2816 possent,

147 2818 257 2900 plures
286 2817 366 2882 totis
392 2817 579 2883 hominibus
607 2817 684 2883 deos
711 2817 920 2903 haberemus,
947 2820 984 2882 ut
1011 2819 1079 2883 iam
1107 2841 1162 2885 eos

148 2927 207 2970 nec
234 2907 359 2971 caelum
387 2907 568 2971 contineret
593 2927 654 2970 nac
681 2927 735 2970 aer
764 2910 892 2991 caperet
913 2927 973 2971 nec
995 2909 1085 2972 terra
1108 2928 1162 2992 ge·
1176 2925 1200 2966 aa

149 2996 258 3058 staret.
294 2994 378 3058 unde
397 2995 550 3060 manifest
550 3017 606 3059 um
625 2998 676 3060 est
692 2994 841 3061 homines
859 2995 933 3060 illos
952 2994 1061 3081 trisse,
1080 3017 1163 3081 quos

220 3190 238 3238 4
256 3184 314 3256 uel]
335 3186 365 3239 et
382 3187 423 3242 ed.
438 3202 483 3254 pr.
497 3189 507 3255 1
526 3190 550 3253 5,
566 3193 582 3241 6
601 3186 647 3242 uel
664 3187 809 3256 repentino
828 3185 990 3242 aduenisset
1008 3188 1053 3242 est
1070 3187 1163 3242 dictus

149 3255 249 3311 addidi
267 3257 409 3325 (1111111.
429 3256 599 3327 11111111118
618 3261 711 3313 eraete
729 3260 820 3329 Pfllb
838 3261 871 3312 nt
890 3258 1048 3314 1111111111.-
1066 3257 1161 3341 etPl

148 3325 216 3380 iuua
242 3331 262 3378 P
289 3328 299 3396 1
326 3330 358 3380 21
387 3331 483 3411 potest
510 3328 665 3383 Wowerus:
693 3331 788 3397 posset
815 3335 835 3381 P
864 3332 869 3392 1
897 3343 951 3383 nee
983 3328 1024 3383 dii
1055 3328 1118 3383 nati
1146 3336 1162 3384 1

149 3399 195 3465 (=
207 3399 281 3466 sunt)
295 3399 408 3479 11111111.Ι
422 3415 473 3454 nee
488 3398 522 3454 de
535 3399 609 3454 netis
623 3405 643 3451 P
656 3399 666 3470 11
680 3404 713 3454 27
728 3399 984 3483 quoniam]molim
997 3399 1145 3468 quodiam

149 3473 184 3592 {3
208 3485 315 3594 crearp·
325 3468 484 3538 possintP‚
508 3485 577 3525 corr
597 3470 739 3538 (11111111,
764 3471 822 3525 uici
839 3472 912 3540 qaod
930 3471 1019 3526 creari
1036 3471 1137 3527 maluit
1153 3400 1164 3542 ll

203 3556 270 3596 aera
