2430 3938
402 221 572 278 EDITORIS
588 219 802 276 PRAEFATIO.
994 223 1115 277 XXXIII

100 371 269 436 adsumere
296 367 380 432 licet.
423 366 594 431 cohaerere
623 369 732 430 autem
756 364 894 451 ‘ignotis
921 368 1111 449 parentibus

98 456 259 544 proditus'
276 456 352 538 (hoc
370 459 421 520 est
435 452 579 541 matus),
598 454 739 519 ostendit
753 453 942 518 Lactantius
961 454 978 518 I
999 456 1049 537 11,
1069 456 1112 520 55

99 548 212 630 lpnotc's
229 545 413 628 parentibus
435 548 526 608 natas
549 565 588 607 ex
609 545 680 607 loco
703 546 816 607 nostro
836 543 1056 608 transcribens
1080 549 1113 609 et

99 637 146 700 ita
168 634 286 699 Kochii
308 632 515 716 Machlyique
543 631 578 695 in
603 631 711 695 uerbis
739 631 804 695 illie
832 632 1028 698 mutationes
1052 633 1112 697 rei·

100 725 198 788 ciens.
239 721 354 806 quodsi
377 722 527 785 lacunam
552 725 696 802 apertam
721 719 766 783 sic
790 720 954 803 explemus
977 726 1014 785 ut
1036 725 1114 804 post

99 809 270 895 ‘proditus'
297 809 453 873 addamus
477 808 556 872 duce
580 807 749 872 Lactantio
774 807 838 871 ‘uel
865 810 1034 890 repentino
1059 810 1114 873 ad·

99 901 256 981 uenisset,
285 902 335 962 est
364 894 489 977 diotus',
517 896 584 960 iam
612 896 718 959 minus
742 895 804 960 erit
831 896 1003 961 molestum
1031 897 1114 962 illud

100 987 199 1071 ‘apud
227 985 349 1068 Italos',
377 987 495 1069 quippe
524 984 608 1068 quod
637 984 677 1047 ad
705 988 878 1067 unumque
906 986 999 1050 colon
1028 1008 1113 1051 nuno
1168 1032 1171 1039 ·

98 1076 269 1158 pertineat.

169 1185 194 1228 c.
213 1162 266 1244 25,
287 1162 304 1225 7
324 1160 538 1225 Romanarum
560 1161 642 1224 enlm
664 1161 846 1225 amnacnlos
866 1160 934 1226 daos
951 1164 1112 1228 ncnlmns:

99 1250 261 1328 Romulus,
281 1248 377 1314 Piens
396 1299 402 1312 .
418 1296 425 1312 .
442 1301 448 1314 .
467 1268 504 1313 ac
523 1249 693 1314 Volumnus
710 1249 772 1325 alin}
799 1246 981 1314 Cloacinam
1002 1250 1112 1316 Tatina

99 1344 129 1403 el
145 1340 267 1402 c'nncm't
283 1342 312 1402 al
329 1338 422 1402 cclnll
440 1358 505 1420 eqs.
524 1338 559 1400 in
578 1337 629 1401 his
649 1358 752 1421 neque
771 1337 848 1421 quid
867 1337 1011 1402 additum
1030 1339 1111 1402 illud

101 1425 169 1490 ‘dii'
199 1427 261 1490 sibi
290 1427 367 1489 uelit
395 1445 537 1508 agnosco
560 1427 593 1488 et
616 1430 749 1508 propter
773 1427 975 1510 sequentium
998 1447 1111 1511 regum

99 1515 297 1578 mentionem
329 1512 397 1576 Pici
430 1519 673 1597 ceterorumque
705 1535 805 1596 usque
839 1514 880 1576 ad
912 1513 1111 1578 Volumnum
1172 1579 1174 1582 .

100 1603 233 1666 deorum
253 1603 422 1664 inuentum
436 1599 577 1663 Romulo
597 1601 736 1664 adscribi
755 1600 908 1684 desidero,
928 1623 1001 1665 cum
1020 1624 1112 1686 prae-

100 1691 214 1754 sertim
234 1689 437 1774 Augustinus
457 1688 495 1752 de
514 1689 574 1751 eiu.
593 1688 644 1751 dei
659 1687 707 1752 VI
724 1689 766 1752 10
785 1711 823 1751 ex
838 1686 978 1754 Senecae
998 1694 1111 1755 eontra

100 1779 344 1862 superstitiones
363 1776 446 1840 libro
466 1776 547 1840 haec
565 1775 703 1841 adferat:
729 1775 915 1842 Cloacinam
935 1777 1045 1843 Tatiae
1062 1780 1111 1843 de-

99 1868 217 1931 dicauit
239 1868 341 1949 deam,
367 1864 479 1930 Picum
504 1865 739 1948 Tnbninnmqne
761 1865 927 1950 Romulae,
955 1866 1113 1933 Hostiliae

99 1956 255 2021 Pauorem
286 1961 377 2036 alque
404 1953 570 2018 Pallanum.
617 1963 712 2038 quem
740 1957 855 2019 contra
882 1955 1111 2038 grauissimum

100 2050 274 2127 auctorem,
296 2043 430 2108 Minucii
454 2043 524 2107 sine
547 2041 646 2107 dubio
670 2042 793 2107 fontem
816 2041 868 2129 (ut
889 2043 954 2108 iam
976 2045 1112 2128 agnouit

100 2131 300 2197 Dombartue
328 2133 349 2196 l.
371 2133 392 2196 l.
415 2154 445 2215 p.
472 2132 557 2211 136),
584 2131 668 2195 nihil
691 2133 778 2196 ualet
800 2131 1026 2197 testimonium
1049 2130 1112 2215 Cy·

99 2222 219 2305 priani,
248 2222 304 2303 qui
331 2221 411 2284 haec
440 2221 553 2284 scribit
579 2220 701 2301 1.1.2,
726 2219 760 2285 5:
788 2219 1003 2285 Romanmnm
1029 2222 1112 2284 enlm

79 2309 281 2373 ncnnacnlos
299 2308 367 2372 daos
384 2309 538 2373 nonlmns.
567 2312 611 2370 est
623 2306 775 2373 Romulus
791 2309 967 2390 pemmonem
980 2306 1111 2374 Proculo

99 2398 173 2462 dncs
194 2396 296 2476 factas
319 2401 348 2459 el
365 2393 461 2460 Plcns
478 2401 507 2459 et
526 2395 690 2459 Tibarenns
708 2401 735 2459 el
755 2395 921 2467 Pilumnus
938 2401 967 2460 ct
984 2394 1111 2480 Consus,

98 2505 187 2567 qnam
201 2485 291 2549 deam
303 2483 436 2568 scandis,
454 2485 539 2547 nelnl
553 2483 752 2572 consiliarum
770 2486 868 2571 dcam,
886 2485 945 2549 ccli
957 2484 1112 2550 Romulae

98 2574 207 2651 naluit,
223 2578 388 2655 postquam
406 2575 442 2637 ln
459 2578 585 2654 raptam
603 2570 793 2637 Sabinarum
808 2574 942 2655 perfidia
960 2575 1112 2654 pnoncnn't.

99 2663 189 2726 deam
219 2682 335 2743 qnoque
362 2659 546 2726 Cloacinam
579 2661 690 2726 Tatina
721 2663 844 2726 inaena't
873 2665 903 2726 el
930 2661 1025 2727 colnil
1046 2682 1112 2745 eqe.

100 2750 180 2814 duos
200 2751 288 2813 enim
308 2749 396 2814 locos
415 2751 449 2814 in
463 2772 563 2814 unum
577 2749 729 2814 conflauit
743 2747 933 2833 Cyprianus,
953 2749 1111 2833 siquidem

100 2838 158 2902 illa
181 2836 244 2902 ‘est
266 2837 424 2903 Romulus
452 2838 633 2921 perierante
656 2839 792 2903 Proculo
817 2838 894 2903 deus
916 2838 1034 2903 factus'
1058 2860 1111 2922 pe-

98 2928 163 2991 tita
187 2931 263 2990 sunt
287 2947 326 2990 ex
349 2949 373 2992 c.
399 2928 452 3008 21,
470 2927 505 3010 93
529 2930 643 2991 eontra
666 2949 747 3010 quae
771 2927 810 2991 dc
833 2947 891 2991 suo
915 2926 1032 2991 adiecit
1055 2927 1110 2991 ille

100 3014 207 3099 ‘quem
240 3016 334 3079 deum
361 3051 405 3061 —
433 3014 591 3079 Romulus
619 3014 746 3099 uoluit',
774 3015 948 3080 ostendunt
978 3037 1050 3078 eum
1079 3019 1112 3079 et

98 3103 205 3186 ipsum
221 3102 306 3186 apud
316 3102 492 3167 Minucium
507 3103 546 3167 de
560 3102 691 3168 Romuli
705 3104 858 3168 instituto
871 3104 924 3187 agi
938 3103 1110 3168 inuenisse.

99 3191 182 3255 unde
201 3213 260 3256 nec
276 3214 295 3255 a
310 3190 473 3275 Cypriano
493 3191 712 3257 emendationi
729 3197 860 3257 nostrae
876 3190 1018 3257 ‘Romuli
1033 3198 1109 3256 sunt

99 3279 196 3343 Picus
297 3302 334 3344 aa
357 3279 540 3344 Volumnus
566 3278 620 3343 dii'
645 3280 822 3365 quidquam
846 3280 965 3345 obstat.

64 3410 68 3429 .
166 3369 265 3445 aaa,
286 3369 325 3432 11
350 3373 380 3432 el
400 3369 531 3452 anqelos,
553 3369 589 3433 id
609 3374 653 3434 est
674 3370 833 3433 ministros
855 3373 885 3432 et
905 3369 1039 3445 nantino,
1062 3368 1111 3432 aa

98 3457 152 3520 sal
168 3461 197 3520 et
213 3458 281 3521 aeri
299 3457 422 3539 elnsqne
438 3458 630 3522 uenerationi
647 3459 736 3522 namt
753 3458 905 3522 adsistere.
936 3456 988 3519 his
1003 3455 1110 3519 uerbis

100 3545 275 3628 corruptis,
304 3566 384 3628 quae
413 3545 523 3629 qualia
551 3546 681 3610 exhibet
704 3545 844 3610 Parisini
867 3564 982 3608 manus
1006 3543 1111 3628 prima

151 3656 276 3698 Mmucrus
290 3657 380 3709 anx,
395 3659 429 3699 ed.
443 3659 597 3700 Baehrens.
935 3663 950 3700 c
