2430 3938
410 209 578 266 EDITORIS
595 209 810 266 PRAEFATIO.
1053 213 1119 268 XIX

108 358 182 420 cont
169 354 306 419 ttendun
320 355 415 439 docti,
431 353 627 440 ‘obiurgare'
641 355 695 420 hic
710 356 751 420 ad
766 330 1012 422 similitudinem
1025 359 1118 424 uerbi

107 442 254 528 arguere
257 442 507 528 'similiumque
526 465 599 509 oum
617 444 769 528 genetiuo
789 444 950 530 coniungi.
980 467 1040 510 nec
1059 469 1117 530 per

106 553 139 596 se
169 533 262 596 credo
285 553 345 597 neo
367 537 556 616 propterea,
584 531 670 617 quod
692 531 871 598 Minucium
893 533 1017 598 maiore
1042 536 1118 600 sori·

106 619 203 685 hendi
230 621 347 704 peritia
375 642 469 684 usum
495 641 565 685 esse
588 625 667 704 puto
690 643 788 705 quam
810 625 847 686 ut
869 622 1048 704 praemisso
1072 623 1119 688 ³in

105 707 150 773 te’
175 712 291 792 postea
312 706 368 772 ³te'
388 708 604 792 supplendum
622 709 900 862 relinquerett
836 710 900 774 lect
901 709 1021 794 oribus,
1045 733 1117 776 cum

104 800 217 879 posset
250 797 405 861 concinne
437 797 517 879 poni
548 795 629 880 ³qua
660 800 693 862 to
729 797 877 864 inuectus
912 798 1118 884 obiurgauit'.

106 888 214 949 ortum
243 884 344 969 igitur
371 884 453 949 mihi
478 883 607 949 uidetur
636 884 884 971 ³neglegent1ae'
908 909 947 951 ex
970 909 1007 953 eo
1032 889 1117 972 quod

108 974 255 1057 sequitur
278 970 441 1057 ³argueret
463 972 678 1038 inscientiae':
702 973 941 1039 adsimilatione
964 973 1117 1060 depulsus

88 1064 158 1123 'est
186 1060 400 1126 accusatione.
442 1061 623 1126 reoteram
651 1060 757 1126 ³tine
758 1060 860 1127 'tam
883 1061 1065 1129 ad³1nuect
1066 1063 1117 1129 us'

105 1169 202 1231 quam
221 1148 261 1212 ad
280 1147 480 1232 ³obiurgauit
497 1149 682 1234 neglegent
673 1148 751 1213 ram'
771 1154 907 1233 spectat:
928 1149 1092 1237 ³aliquid
1082 1175 1118 1217 111

106 1236 214 1321 aliquo
239 1234 422 1320 obiurgare'
449 1237 588 1302 latinum
612 1242 678 1303 est

171 1345 196 1388 c.
224 1325 260 1409 4,
284 1325 439 1390 4det
389 1330 455 1392 ιοιο
482 1327 598 1409 ιιοιοονο
624 1326 704 1442 mihi
730 1346 799 1392 onrn
828 1325 955 1393 Octauio
986 1347 1035 1393 res
1066 1335 1117 1396 est.

105 1417 191 1477 recte
226 1375 397 1499 adnotant,
425 1414 505 1480 illud
533 1413 662 1479 ³tde't
612 1413 695 1480 tot'o
724 1412 820 1501 (quae
848 1419 934 1481 certe
960 1437 1027 1481 non
1055 1417 1118 1481 fuit

104 1501 226 1566 locutio
260 1500 471 1584 aduerbialis)
503 1506 691 1587 comparato
724 1503 797 1567 loco
826 1525 852 1568 o.
879 1503 937 1585 40,
960 1503 981 1567 2
1007 1505 1117 1569 ualere

104 1587 214 1672 ³super
241 1593 312 1653 tota
338 1589 395 1674 re'‚
423 1592 491 1655 scil.
515 1590 554 1654 de
577 1589 829 1655 christianorum
851 1612 1116 1709 paganorumque

103 1676 273 1761 religione.
310 1677 366 1742 sed
389 1677 431 1742 ad
453 1677 516 1742 hoc
539 1676 591 1743 ³de
613 1677 696 1743 ιοιό
715 1678 922 1762 quomodo
896 1701 965 1744 elue
983 1702 1041 1764 per
1061 1679 1115 1745 ‘et'

104 1761 205 1848 (quod
236 1765 347 1830 intulit
373 1765 514 1831 Parisini
541 1789 583 1833 m.
606 1767 665 1833 2
655 1789 688 1830 m
690 1764 895 1854 terpolatrix)
924 1767 993 1832 siue
1020 1790 1116 1853 asyn-

104 1852 208 1918 detice
233 1853 384 1920 accedere
407 1854 512 1938 possit
540 1853 701 1940 ³integro'‚
724 1858 832 1920 mente
856 1877 921 1921 non
948 1855 1116 1940 adsequor.

103 1963 179 2005 nam
207 1963 311 2026 neque
341 1940 528 2028 ³integrum'
557 1944 709 2010 substant
652 1945 762 2009 antino
789 1944 921 2029 ponitur
882 1948 981 2008 uret
1002 1944 1078 2010 dict
1053 1948 1114 2011 ιι-ο

101 2029 152 2093 nis
180 2028 235 2094 ³de
262 2030 403 2115 integro'
430 2032 540 2097 nullus
562 2032 615 2098 hic
639 2055 716 2097 usus
739 2035 798 2098 est.
844 2033 895 2098 sin
918 2054 1042 2098 merum
1066 2037 1116 2098 est

102 2117 312 2204 adiectiuum,
346 2118 409 2184 hoe
442 2119 561 2185 adt
514 2121 561 2186 alt
562 2142 652 2186 erum
685 2120 881 2186 adiectiuum
909 2122 1002 2186 subsc
987 2122 1114 2186 tantine

100 2205 244 2288 positum
272 2228 337 2271 non
366 2207 451 2272 nude
477 2212 587 2292 potest
610 2209 752 2294 adiungi.
797 2209 936 2294 legimus
960 2231 1038 2295 ergo
1063 2209 1114 2274 ³de

101 2297 173 2359 ιοιο
201 2296 239 2358 ut
261 2294 411 2380 integro',
437 2294 500 2361 hoo
524 2300 587 2361 eet·
616 2296 654 2360 de
677 2300 748 2360 tota
770 2317 805 2360 re
828 2301 943 2379 utpote
968 2296 1114 2362 nondum

101 2381 277 2447 diiudicata
300 2404 447 2468 quaeque
471 2382 606 2448 adhuc
597 2406 632 2448 m
656 2384 832 2449 certamine
856 2385 908 2449 sit

167 2470 244 2534 ibid.
268 2472 418 2555 intellapet
436 2471 565 2553 facilins
586 2491 647 2538 esse
668 2473 704 2538 in
726 2471 991 2538 contubernalibus
1009 2474 1113 2555 dispn·

100 2563 166 2622 tore
197 2580 292 2641 quarn
322 2581 474 2626 conserere
503 2560 698 2643 sapientiam.
749 2581 845 2644 saepe
872 2561 1010 2626 miratus
1039 2584 1110 2626 sum

100 2668 211 2710 eorum
243 2649 473 2732 temeritatem,
508 2649 563 2733 qni
596 2651 794 2734 attemptant
825 2650 990 2734 egregiam
1023 2650 1110 2715 locu·

99 2736 222 2800 tionem
255 2734 435 2802 ³conserere
463 2735 680 2820 sapientiam'.
731 2759 806 2802 nam
840 2736 1110 2822 quemadmodum

99 2823 210 2889 Liuius
230 2821 324 2910 (XXI
343 2826 372 2908 1,
391 2822 426 2910 2)
450 2825 625 2890 secundum
649 2829 800 2891 notarum
824 2825 1003 2890 dictionum
1023 2826 1111 2891 simi-

98 2911 269 2977 litudinem
293 2913 425 2997 scripsit
447 2913 533 2980 ιοοοι
552 2915 674 2998 neone
696 2914 766 2979 belli
789 2919 872 2980 artes
893 2915 974 2979 inter
991 2935 1023 2980 ee
1040 2935 1111 2980 con-
1175 2984 1179 2992 ,

99 3000 238 3066 serebant
259 2998 308 3088 (id
327 3007 386 3084 est,
409 3003 573 3087 utrimque
590 3004 625 3067 in
644 3023 788 3087 pugnam
807 3001 1041 3088 proferebant),
1066 3005 1112 3069 sic

99 3092 211 3154 nostro
235 3090 306 3155 loco
331 3090 509 3155 ³conserere
533 3088 741 3175 sapientiam'
760 3092 828 3155 fere
846 3092 935 3156 ualet
954 3090 1110 3176 ³philoso-

97 3176 223 3261 phiam,
256 3200 337 3262 quae
365 3179 457 3243 litem
485 3179 651 3264 diiudicet,
683 3179 845 3263 utrimque
873 3180 1048 3264 producere
1076 3181 1111 3245 in

99 3265 223 3329 aciem'.
247 3269 345 3351 quod
368 3271 406 3332 ιιι
429 3270 576 3351 apertum
600 3271 658 3351 est,
681 3267 730 3332 ita
754 3289 831 3334 sane
854 3268 927 3352 ipsa
946 3268 1110 3352 oppositio

99 3353 246 3433 obscuro,
270 3356 427 3440 siquidem
452 3355 632 3422 ³oonserere
654 3356 860 3439 sapientiam'
879 3356 964 3420 nihil
984 3356 1070 3420 aliud
1091 3377 1110 3420 a

100 3443 264 3507 sententia
287 3447 337 3508 est
359 3466 456 3528 quam
480 3443 679 3530 ³disputare'.
717 3444 832 3530 quodsi
855 3466 950 3509 uerae
968 3444 1110 3526 disputa·

98 3530 181 3595 ιιοιι
214 3531 460 3617 philosophicae
491 3533 545 3599 hio
577 3533 648 3598 leue
676 3536 710 3597 et
737 3532 898 3599 abiectum
925 3531 1110 3615 disputandi

910 3634 949 3687 b*
