2430 3938
121 201 165 264 54
477 198 623 254 MlNUCII
639 196 777 254 FELICIS

69 364 101 412 11
120 345 194 422 uide
227 344 320 430 adeo,
352 366 448 429 quam
480 344 514 408 in
545 344 702 409 solacium
730 344 837 411 nostri
863 343 1133 410 resurrectionem

119 435 262 500 futurem
296 435 400 499 omnis
432 435 551 497 natura
583 431 764 498 meditetur.
811 433 860 498 sol
891 455 926 498 se
954 432 1073 517 mergit
1100 437 1134 498 et

118 524 273 608 nascitur,
296 527 386 588 astra
407 522 564 587 labuntur
587 524 620 586 et
642 521 788 604 redeunt,
810 521 907 587 flores
927 522 1078 588 occidunt
1099 525 1134 587 et

118 612 337 695 reuiuescunt‚
360 613 436 696 post
459 611 584 675 senium
608 611 742 677 arbusta
760 610 984 695 frondescunt,
1007 610 1133 676 semina

117 700 250 766 nonnisi
272 703 424 784 corrupta
450 699 659 764 renitescunt.
704 699 753 765 ita
776 721 893 784 corpus
916 700 950 764 in
973 699 1133 784 sepulcro,
1160 716 1173 758 ⁶

117 794 155 854 ut
187 791 319 855 arbores
351 789 387 854 in
418 787 570 853 hiberno:
607 788 771 853 occultant
803 790 944 855 uirorem
982 787 1134 854 ariditate

67 894 99 944 12
118 878 264 943 mentita.
310 876 389 962 quid
420 874 569 960 festines,
597 879 634 940 ut
661 878 759 943 cruda
786 877 891 942 adhuc
918 877 1025 942 hieme
1052 877 1134 943 reui-

117 970 229 1032 uescat
257 969 290 1031 et
315 965 447 1031 redeat?
478 965 712 1050 expectandum
741 966 837 1031 nobis
866 966 966 1031 etiam
989 967 1132 1050 corporis

116 1076 175 1120 uer
197 1059 255 1120 est
299 1076 359 1120 nec
382 1053 500 1139 ignoro
522 1054 696 1140 plerosque
719 1054 920 1121 couscientia
943 1054 1132 1120 meritorum

116 1143 253 1210 nihilne
272 1165 342 1209 esse
360 1146 594 1227 postmortem
617 1144 723 1229 magis
743 1147 855 1228 optare
873 1166 970 1228 quam
988 1143 1130 1229 credere3
1147 1163 1174 1202 ro

117 1233 243 1297 malunt
270 1233 357 1299 enim
384 1231 532 1316 extingui
558 1233 687 1316 penitus
711 1255 811 1317 quam
834 1233 875 1298 ad
898 1233 1060 1318 supplicia
1083 1254 1131 1297 re·

115 1322 234 1405 parari.
271 1343 408 1406 quorum
428 1342 518 1386 error
536 1325 673 1406 augetur
692 1323 757 1403 [et]
772 1322 808 1386 in
829 1322 959 1388 saeculo
977 1322 1130 1388 libertate

114 1411 273 1494 permissa
295 1415 329 1475 et
353 1409 404 1474 dei
426 1409 584 1492 patientia
606 1410 762 1495 maxima,
785 1411 877 1476 cuius
899 1414 1023 1495 quanto
1047 1411 1132 1476 iudi-

64 1496 201 1564 dbcium
227 1499 370 1582 tardum,
396 1501 490 1563 tanto
513 1499 620 1584 magis
642 1499 763 1564 iustum
788 1504 846 1565 est.
887 1503 1052 1566 ettamen
1075 1500 1129 1565 ad-

115 1591 289 1652 monentur
311 1587 460 1653 homines
484 1586 744 1653 doctissimorum
766 1589 859 1653 libris
879 1591 913 1652 et
930 1589 1128 1654 carminibus
1144 1606 1170 1648 15

114 1680 285 1760 poetarum
311 1677 400 1741 iliius
428 1674 526 1741 inferi
552 1675 695 1741 fluminis
719 1680 753 1741 et
780 1677 833 1757 [de
857 1675 973 1762 Stygia
995 1677 1127 1761 palude]

115 1765 243 1850 saepius
277 1765 451 1831 ambientis
484 1765 609 1830 ardoris
640 1767 736 1848 [quae
765 1765 960 1830 cruciatibus
988 1766 1128 1831 aeternis

80 1852 1128 2026 2{dettgifaftttittdtttttptttttti

114 2031 183 2114 ipse
207 2052 264 2094 rex
286 2029 432 2114 Iuppiter
460 2051 517 2113 per
544 2032 705 2095 torrentes
732 2031 822 2114 ripas
845 2035 878 2095 et
901 2035 1008 2097 atram
1031 2053 1126 2097 uora·
1141 2049 1167 2090 2⁰

114 2118 224 2202 ginem
246 2119 333 2184 iurat
355 2117 520 2204 religiose3
545 2117 742 2184 destinatam
766 2120 853 2185 enim
877 2120 941 2185 sibi
962 2141 1036 2185 cum
1059 2120 1126 2185 suis

78 2226 94 2274 3
113 2208 294 2273 cultoribus
311 2229 449 2292 poenam
467 2207 631 2291 praescius
649 2208 875 2292 perhorrescit.
906 2231 967 2274 nec
983 2213 1126 2275 tormen-

112 2297 155 2360 tis
180 2300 237 2362 aut
260 2297 374 2363 modus
398 2297 482 2361 nllus
506 2299 563 2361 ant
586 2297 755 2362 terminus.
792 2297 860 2362 illic
884 2298 1014 2382 sapiens
1037 2297 1126 2383 ignis

112 2385 258 2450 membra
285 2387 352 2450 urit
380 2389 412 2449 et
439 2385 555 2469 reficit,
583 2386 688 2468 carpit
711 2389 744 2449 et
770 2386 881 2450 nutrit
924 2387 1007 2451 sicut
1030 2387 1125 2471 ignes

112 2472 285 2539 fulminum
307 2496 445 2558 corpora
467 2477 609 2559 tangunt
631 2495 692 2540 nea
715 2474 899 2554 absumunt,
923 2475 1008 2539 sicut
1030 2475 1124 2559 ignes
1139 2491 1166 2533 ee

113 2561 253 2628 Aetnaei
284 2562 434 2644 [montis]
468 2565 501 2626 et
529 2561 665 2627 Vesuini
698 2562 848 2643 [montis]
878 2566 912 2628 et
943 2563 1127 2629 ardentium

183 2776 199 2824 2
223 2788 253 2826 se
276 2772 380 2842 mergit
398 2771 595 2826 Hcemcncaa:
613 2770 752 2840 demergit
770 2776 790 2823 P
812 2773 822 2843 i
844 2777 861 2826 3
879 2771 1035 2826 renascitur
1053 2772 1127 2827 Hai-

110 2843 183 2896 miue
207 2841 212 2913 Ι
236 2843 338 2897 redunt
360 2849 380 2895 P
402 2860 436 2898 m.
460 2848 476 2896 1
500 2843 510 2910 1
534 2847 550 2896 5
574 2840 700 2910 sepulcro
724 2841 922 2898 Hecatonem:
946 2843 1056 2898 saeculo
1078 2843 1126 2915 Pu

113 2916 145 2965 11
170 2913 289 2981 suplicia
308 2919 328 2965 P
345 2915 355 2982 ΙΙ
380 2918 412 2967 12
437 2915 466 2967 et
488 2914 597 2968 seclusit
617 2912 755 2968 Woroerue
773 2915 782 2983 ii
802 2919 834 2968 13
858 2913 995 2984 permissa
1011 2914 1126 2982 scripse:

111 2984 229 3038 remissa
242 2989 263 3036 P
276 2987 286 3054 t
301 2988 334 3038 15
352 2983 432 3038 libris
451 2984 491 3039 ed.
506 3000 567 3053 pa:
585 2981 646 3037 liris
659 2988 680 3035 P
693 2986 703 3055 ΙΙ
718 2989 751 3038 16
765 2985 849 3040 inferi
861 2986 974 3054 empti:
991 2983 1069 3054 ignei
1083 2990 1103 3037 P
1120 2986 1124 3057 1

111 3055 146 3108 de
165 3052 265 3122 Stygia
287 3055 390 3123 palude
413 3056 522 3111 reclusit
539 3054 679 3110 Doureios
696 3057 706 3126 [1
728 3060 761 3110 11
784 3054 891 3110 inferos
909 3055 1063 3124 saepientis
1082 3073 1126 3111 ar·

111 3123 187 3180 doris
207 3125 354 3194 Uenerem
367 3126 435 3181 mebi
448 3142 552 3195 qaoque
566 3127 723 3194 ploeeemate
737 3125 763 3181 d.
775 3125 801 3181 S.
816 3145 844 3196 p.
858 3127 1002 3196 depulsam
1015 3128 1127 3183 aidetwr

111 3196 225 3265 aliquod
242 3198 415 3263 uocabulum,
433 3213 474 3250 cco.
494 3214 535 3266 pr.
554 3213 651 3251 manes
666 3196 777 3266 saepius
792 3198 866 3252 amb.
881 3197 989 3253 ardoris
1006 3196 1125 3269 ili-19

110 3268 197 3322 ueto
215 3284 287 3335 quae
305 3267 476 3322 cruciatibus
490 3295 524 3308 -
540 3265 655 3337 cognita
667 3267 845 3323 tradiderunt
859 3269 967 3324 tectoria
1034 3268 1127 3324 'liant

109 3339 238 3393 emblema
255 3338 353 3394 sectari
374 3340 384 3407 ss
408 3342 441 3392 18
459 3337 572 3393 iudiciis
590 3343 611 3390 P
633 3340 643 3407 ΙΙ
665 3343 700 3391 21
720 3337 861 3394 destinata
878 3344 899 3391 P
920 3341 930 3410 ΙΙ
952 3344 988 3394 16
1006 3338 1127 3394 Aetnaei

112 3407 253 3465 Oeblerae:
275 3408 379 3464 hennei
401 3414 422 3461 P
445 3408 553 3464 Aetnae
577 3409 661 3480 culpo
686 3413 690 3477 Ι
715 3410 820 3465 montis
842 3411 953 3466 eccle-rit
979 3409 1097 3466 Ursinus
1119 3411 1123 3482 Ι

110 3477 228 3534 Vesuini
252 3497 312 3550 epo:
333 3479 406 3535 lesui
429 3485 449 3532 P
470 3479 576 3536 Vesuui
598 3481 683 3550 culpo
701 3479 788 3535 Veani
805 3481 967 3538 Lindneue
991 3484 996 3552 Ι
1021 3481 1125 3537 montis

109 3553 220 3607 reclusit
239 3552 428 3623 Wopkecsics.
