2430 3938
122 210 165 275 52
479 208 623 264 urraca
641 207 779 265 saurais

96 355 288 420 ”aientibus
311 376 418 440 reges3
447 354 565 418 modici
589 354 718 434 multos,
741 354 858 418 inermi
882 357 1036 436 armatos,
1059 353 1138 418 dum

121 443 254 526 fugiunt
276 443 497 528 insequentes,
525 443 577 506 dei
599 443 690 506 iussu
713 446 747 506 et
770 442 939 507 elementis
963 442 1139 507 adnitenti-

86 534 183 597 4bus
207 533 392 596 obruerunt.
436 531 557 614 scripta
580 552 690 595 eorum
713 530 823 614 relege
845 531 912 614 uel,
935 534 972 595 ut
995 534 1139 595 transea-

122 643 193 685 mus
227 624 367 698 ueteres,
399 618 494 684 Flaui
522 619 653 704 Iosephi
685 620 750 702 uel,
783 620 811 684 si
841 619 997 684 Romanis
1028 619 1138 704 magis

122 709 254 794 gaudee,
283 708 410 773 Antoni
432 707 549 772 Iuliani
573 709 611 772 de
635 707 762 772 Iudaeis
785 708 926 793 require:
954 708 1020 773 iam
1045 711 1137 787 scies,
1166 725 1179 766 a

121 797 265 881 nequitia
293 819 352 861 sua
379 797 464 862 hanc
487 819 543 861 eos
572 796 728 861 meruisse
754 796 939 879 fortunam,
965 817 1025 861 nec
1048 796 1139 881 quid-

122 907 220 970 quam
244 885 398 950 accidisse
417 885 503 969 quod
522 906 589 950 non
608 885 651 948 sit
671 884 722 962 iis,
746 885 773 948 si
791 885 826 949 in
844 884 1048 950 contumacia
1065 906 1139 968 per-

87 987 103 1037 5
124 978 323 1056 seuerarent,
346 977 422 1037 ante
445 974 657 1057 praedictum.
695 972 742 1036 ita
764 973 854 1057 prius
878 995 934 1038 eos
958 973 1139 1038 deseruisse

123 1062 365 1146 conprehendes
393 1084 492 1145 quam
519 1083 590 1127 esse
618 1061 765 1126 desertos
798 1083 872 1145 nec,
899 1066 937 1127 ut
963 1061 1062 1145 impie
1091 1062 1139 1126 lo·

123 1151 241 1235 queris,
265 1172 338 1215 cum
362 1151 422 1216 deo
447 1173 507 1215 suo
530 1154 653 1234 captos,
681 1149 737 1213 sed
761 1171 780 1213 a
804 1149 863 1215 deo
886 1153 923 1214 ut
946 1149 1138 1234 disciplinae
1154 1150 1180 1208 ro

71 1237 310 1324 34transfugas
339 1239 473 1303 deditos.
514 1243 658 1304 ceterum
684 1237 723 1301 de
750 1238 898 1303 incendio
927 1238 1052 1322 mundi,
1081 1242 1139 1303 aut

121 1327 327 1412 inprouisum
364 1328 474 1413 ignem
506 1327 619 1392 cadere
651 1331 709 1390 aut
741 1326 909 1392 deficiente
940 1347 1038 1411 aqua,
1070 1349 1139 1392 non

87 1416 251 1482 acredere
284 1417 430 1501 uulgaris
464 1416 580 1481 emonis
614 1418 673 1480 est.
720 1416 792 1499 quis
820 1416 906 1481 enirn
939 1416 1136 1500 sapientium

123 1504 265 1587 dubitat,
289 1507 361 1589 quis
384 1506 527 1590 ignorat,
551 1504 660 1569 omnia
683 1525 766 1589 quae
789 1508 862 1569 orta
885 1508 963 1569 sunt
984 1503 1138 1589 occidere,

125 1593 314 1679 quaefacta
333 1600 410 1659 sunt
428 1593 583 1659 interire?
607 1593 732 1658 caelum
751 1613 877 1676 quoque
896 1613 968 1657 curn
987 1594 1138 1657 omnibus
1153 1612 1178 1653 15

124 1704 207 1766 quae
231 1683 322 1747 caelo
346 1684 561 1765 continentur,
584 1681 633 1745 ita
655 1683 698 1763 ut,
715 1682 835 1764 coepit,
861 1680 889 1744 si
912 1680 1045 1745 desierit
1067 1680 1139 1745 fon·

123 1772 207 1835 tium
228 1770 329 1836 dulcis
349 1793 433 1855 aqua
453 1773 542 1835 astra
564 1768 698 1851 nutrire,
721 1769 756 1833 in
773 1769 840 1833 uim
859 1769 947 1854 ignis
966 1770 1139 1853 abiturum,

125 1857 244 1924 Stoicis
279 1862 432 1924 constans
465 1858 574 1943 opinio
608 1860 671 1939 est,
707 1857 794 1940 quod
825 1862 993 1923 consumto
1025 1878 1137 1922 umore

88 1965 104 2013 3
123 1947 262 2012 mundus
286 1946 339 2011 hic
362 1947 467 2011 omnis
490 1948 647 2030 ignescat.
688 1949 720 2010 et
743 1945 913 2029 Epicureis
936 1946 975 2012 de
997 1945 1137 2010 elemen-

123 2039 232 2100 torum
254 2034 508 2120 conflagratione
533 2036 565 2098 et
588 2033 700 2098 mundi
723 2034 819 2098 ruina
842 2035 954 2100 eadem
977 2033 1179 2099 sententiaro

88 2127 184 2189 eest.
224 2124 296 2208 ipsa
318 2123 462 2208 loquitur
485 2121 595 2187 Plato:
626 2125 735 2206 partes
760 2123 849 2188 orbis
877 2144 961 2188 nunc
988 2122 1139 2187 inundari

124 2212 216 2298 dicit,
242 2233 329 2277 nunc
357 2211 493 2276 alternis
516 2210 642 2275 uicibus
671 2210 849 2295 ardescere;
877 2216 1005 2277 etcum
1028 2210 1138 2294 ipsum

123 2302 279 2366 mundum
301 2304 495 2388 perpetuum
516 2302 549 2365 et
571 2299 779 2365 insolubilem
799 2299 929 2364 disserit
948 2320 1018 2364 esse
1037 2299 1138 2364 fabri-

196 2497 251 2561 3,4
269 2493 363 2562 relege
381 2492 428 2548 uel
447 2493 472 2547 si
489 2491 612 2546 romanis
630 2491 721 2561 magis
740 2489 846 2560 gaudm
861 2492 905 2558 (ea
919 2489 986 2561 dis)
1000 2492 1033 2545 ut
1046 2493 1136 2546 trans·
1163 2505 1164 2509 ’

125 2579 221 2618 eamus
249 2565 359 2617 ueteres
387 2563 453 2618 flaui
480 2562 570 2632 iosepi
599 2564 644 2631 (ea
670 2561 789 2630 iosaepi)
816 2561 863 2616 uel
888 2562 1017 2617 antonini
1040 2564 1083 2632 (ta
1105 2562 1138 2616 -ii

124 2637 206 2702 corr.)
229 2632 330 2688 iuliani
347 2640 381 2701 Ρ,
403 2640 551 2703 promamte
568 2633 712 2688 Liadaero
732 2633 830 2687 traieci
851 2637 877 2688 et
899 2649 933 2687 ee
951 2633 1079 2688 antonini
1096 2651 1137 2689 re·

123 2710 198 2760 mota
224 2705 334 2776 syllaba
360 2705 538 2774 dittoprapta
558 2705 669 2760 restitut
690 2705 843 2759 sollemnem
865 2703 993 2759 Miaaca'o
1016 2705 1139 2772 formam

124 2777 244 2846 peaettm'
268 2775 361 2844 (Flaui
378 2775 491 2845 Iosephi
513 2774 560 2830 uel
582 2776 645 2831 eicit
662 2775 811 2842 Daaisias)
836 2775 845 2845 l
868 2780 894 2843 6,
913 2781 928 2830 't
947 2775 1100 2843 quicquam
1117 2781 1138 2826 1³

124 2845 613 2989 ttffltttttllllltetlt
626 2845 1137 2972 l⁹t⁰ttt²tttttetutt¹5l3r

125 2989 177 3043 lire
196 2990 257 3045 Iac.
278 2989 438 3045 Groaoaa'as
461 2988 557 3043 dissici
579 2989 630 3043 illo
648 2933 869 3044 detraccione}
887 2988 969 3042 illum
986 2987 1139 3052 Halmiasr

125 3060 313 3129 improbabilia
326 3066 453 3129 praestat
472 3065 559 3115 tacere
581 3061 590 3129 ΙΙ
614 3064 647 3114 16
667 3059 761 3128 coepit
779 3060 802 3113 si
821 3057 937 3113 desierit
955 3059 1139 3114 Domtartas:

126 3131 250 3201 coepisse
279 3130 405 3185 desinere
428 3136 448 3183 1³
470 3134 480 3201 u
505 3136 537 3186 17
563 3133 640 3185 astra
663 3132 716 3200 (aet
740 3131 816 3199 aera)
839 3130 952 3199 scripsi:
980 3128 1068 3184 maria
1090 3128 1139 3200 Ρη

125 3208 169 3272 20,
187 3207 220 3256 21
241 3199 341 3255 eadem
359 3203 421 3272 ipsa
435 3200 574 3257 sententia
588 3204 640 3257 est.
667 3200 792 3271 loquitur
806 3201 888 3256 Plato
901 3206 934 3267 Ρ,
953 3201 1050 3255 traieci
1062 3200 1137 3269 ipsa3

124 3291 191 3329 mam
208 3272 269 3342 ipsc
288 3274 398 3342 saepias
416 3274 493 3343 apud
512 3274 673 3328 Miaacr'am
690 3273 766 3328 malet
783 3271 830 3327 hic
849 3271 910 3341 ipse
928 3270 1093 3338 elucidem,
1113 3273 1139 3326 si

125 3345 163 3401 ad
178 3344 305 3413 proxime
318 3346 512 3413 praecedentia
529 3345 661 3412 refertur:
681 3350 704 3411 1,
724 3349 754 3410 43
774 3350 800 3411 9,
819 3350 848 3411 33
869 3348 911 3412 11,
932 3349 961 3409 73
980 3349 1024 3409 27,
1044 3348 1074 3409 43
1095 3348 1139 3410 30,

125 3421 144 3470 4
162 3421 187 3470 et
205 3420 221 3470 t
241 3416 325 3485 (made
343 3421 433 3471 tamea
451 3421 476 3483 4,
495 3422 525 3484 4,
544 3417 593 3470 abt
611 3430 663 3484 qao
681 3419 815 3484 spectetur
833 3431 891 3470 aaa
943 3415 1059 3480 aceedit,
1082 3429 1140 3468 aaa

125 3488 294 3614 ‹gefeadtitqm
303 3485 313 3559 ll
323 3492 356 3541 21
370 3487 506 3542 inundare
515 3492 543 3555 1²,
558 3502 627 3542 corr.
639 3485 838 3558 Woplremsa'asll
847 3491 881 3540 23
918 3484 1010 3539 ‘sserit
1024 3485 1125 3553 scripsi
1130 3507 1139 3539 .-

146 3574 219 3612 1cere
274 3600 280 3614 .
