2430 3938
102 199 193 255 XXVI
406 197 575 253 EDITORIS
594 197 808 254 PRAEFATIO.

101 344 157 410 sed
180 343 276 408 etiam
303 342 336 406 id
359 343 445 426 quod
469 365 508 407 ex
536 343 595 408 illo
618 344 762 408 nascitur
785 347 818 408 et
841 344 999 429 originem
1023 345 1114 411 ducit

99 433 247 497 denotat:
285 431 473 516 genetiuum
510 452 626 495 causae
662 436 756 516 potes
795 433 968 516 appellare.
1011 435 1114 498 ueluti

100 519 212 585 Cicero
237 541 283 584 or.
306 522 326 600 ξ
349 519 412 584 185
439 521 626 585 necessitatis
648 521 777 585 inaenta
800 520 943 585 scribens
966 521 1044 586 dicit
1065 523 1115 586 in·

100 614 197 674 uenta
225 629 318 693 quae.
335 628 375 671 ex
405 608 600 673 necessitate
631 611 797 694 tamquam
830 630 928 673 causa
960 610 1115 675 efficienti
1161 659 1164 664 ·

99 699 290 784 gignuntur3
322 717 381 760 nec
410 696 503 760 aliter
526 693 647 761 Caesar
674 697 706 762 b.
729 718 754 761 c.
777 696 793 760 Ι
818 698 860 762 74
887 699 1007 762 aditam
1035 719 1114 764 cona

99 786 304 850 rnendatianis
325 784 447 849 baberet
467 785 511 849 ad
532 784 707 870 Gaesarem
734 784 796 851 hoc
820 789 883 868 est,
906 785 1030 851 aditum
1053 809 1115 871 per

100 873 414 939 commendationem
447 873 601 938 effectam.
647 877 680 937 et
712 874 758 938 sic
784 871 945 938 Minucius
978 897 1003 939 c.
1027 876 1062 958 2,
1091 877 1113 940 3

99 963 236 1028 auiditas
258 961 401 1026 desiderii
424 958 520 1045 (quae
544 983 582 1024 ex
605 959 791 1047 desiderio),
819 963 895 1026 ibid.
918 965 1115 1029 assiduitatis

98 1071 173 1116 nsas
196 1047 266 1135 (qui
286 1071 324 1114 ex
344 1049 473 1114 assidua
490 1048 698 1134 praesentia),
721 1052 847 1133 c.14,7
866 1053 942 1133 [ides
959 1051 1115 1133 confessae

95 1139 261 1221 probitatis
284 1138 379 1222 (quae
403 1159 441 1200 ex
467 1137 616 1202 confessa
643 1135 835 1225 probitate),
863 1162 888 1205 c.
907 1141 959 1223 26,
979 1141 998 1205 8
1026 1161 1115 1205 error

96 1227 252 1310 pranitat'
295 1225 364 1310 (qui
392 1247 431 1290 ex
459 1223 649 1313 prauitate),
681 1248 708 1292 c.
727 1227 817 1310 30,1
849 1228 921 1307 fata
946 1229 1114 1294 aninernrn

101 1313 198 1400 (quae
227 1336 266 1378 ex
292 1314 481 1378 uulneribus
511 1313 698 1400 profluunt).
740 1319 774 1379 ct
800 1315 874 1379 hinc
903 1317 1112 1400 corrigendus

100 1408 150 1468 est
177 1404 267 1468 locus
296 1423 323 1466 c.
346 1403 398 1486 28,
422 1403 442 1466 6
472 1404 633 1468 daemones
660 1405 704 1467 ad
729 1404 929 1468 executionis
954 1403 1114 1470 torrorem

98 1493 310 1572 inperitorum
324 1511 414 1555 aures
430 1492 578 1556 adaasns
596 1511 652 1556 nos
665 1491 857 1573 reserarant,
869 1491 926 1555 ubi
939 1496 1113 1575 propterea

99 1580 183 1663 quod
216 1579 332 1644 horror
362 1582 511 1661 procreat
541 1580 775 1644 execrationem
803 1584 853 1644 est
879 1581 1112 1646 remouendum

101 1669 234 1733 solitum
261 1667 378 1731 uitium
406 1668 453 1731 ita
481 1666 533 1732 ‘ad
563 1668 799 1733 execrationem
827 1667 983 1733 horroris’
1013 1667 1111 1755 (quae

101 1755 297 1821 exhorrere
324 1752 480 1840 profluit).
521 1759 555 1819 et
578 1757 624 1820 sic
647 1756 747 1821 ceteri
772 1756 835 1820 loci
858 1779 877 1820 a
901 1753 1010 1823 Sittlio
1034 1780 1110 1823 con·

98 1845 183 1994 {³⁸15
205 1842 273 1994 ipre
297 1864 409 2016 gurges
434 1843 616 1927 explicandi
639 1843 755 1927 (ueluti
778 1842 949 1909 ‘auaritiae
973 1846 1111 1932 cupido',

132 1954 201 1996 oua
239 1954 297 1996 rau
319 1953 348 1995 re
376 1978 383 1995 .

166 2042 191 2083 c.
208 2020 249 2084 14
254 2070 263 2103 ,
279 2020 296 2083 1
316 2019 404 2084 borno
417 2018 586 2084 Plautinae
598 2021 776 2102 prosapiae,
794 2026 831 2085 nt
845 2023 1001 2102 pistorarn
1017 2042 1111 2104 prae·

98 2110 214 2191 apans,
237 2109 284 2172 ita
305 2112 480 2189 postremas
502 2107 764 2191 pbilosophorum.
803 2109 903 2194 uulgo
924 2132 995 2173 cum
1014 2109 1111 2176 Plau-

99 2198 202 2262 tinam
224 2196 409 2280 prosapiam
434 2197 615 2279 acciperent
637 2196 766 2260 turbam
789 2197 958 2262 hominum
978 2201 1010 2262 et
1032 2220 1111 2281 pau-

99 2287 227 2369 pertate
260 2288 293 2349 et
328 2283 535 2368 ignobilitate
571 2284 809 2369 despectorum,
841 2290 897 2350 aut
927 2285 988 2350 hos
1020 2285 1112 2370 ipsos

97 2373 229 2438 infimae
261 2371 385 2436 tarinae
416 2372 564 2437 homines
598 2372 737 2437 indicari
764 2376 925 2457 putabant
952 2375 1111 2440 recordati

100 2461 210 2526 Plauti
232 2461 267 2525 in
285 2460 423 2543 pistrina
441 2482 574 2544 operam
593 2466 650 2525 aut
669 2458 850 2525 Stieberum
874 2463 976 2527 secuti
997 2462 1110 2547 ‘pisto-

99 2548 187 2614 rum’
215 2549 251 2612 in
279 2547 562 2613 ‘christianorum'
591 2553 807 2614 mutauerant.
853 2550 910 2613 sed
941 2551 1110 2616 Halmium

98 2638 161 2703 hoc
193 2640 411 2702 commentum
442 2637 714 2722 palaeographice
742 2637 965 2702 defendentem
993 2639 1112 2706 fefellit

99 2728 192 2806 ratic,
211 2730 248 2789 ut
265 2725 331 2789 iam
350 2728 477 2790 monuit
490 2724 653 2808 Hauptiua
669 2748 777 2808 opusc.
791 2725 841 2790 ΙΠ
859 2750 889 2811 p.
904 2726 978 2792 397.
1006 2749 1111 2811 neque

100 2835 160 2900 ego
184 2813 271 2878 istud
293 2813 487 2878 uocabulum
515 2815 609 2878 aliter
630 2835 784 2898 umquam
811 2818 846 2878 in
869 2814 1034 2880 codicibus
1057 2837 1111 2880 ex·

99 2923 225 2987 aratum
252 2919 364 2983 inueni
392 2941 488 3002 quam
516 2919 564 2983 ita
592 2919 816 3003 ‘xpianorum’,
847 2921 931 2985 unde
962 2922 1000 2984 de
1033 2943 1111 2987 eon·

99 3011 240 3075 iacturae
272 3008 358 3070 illius
391 3007 622 3089 probabilitate
655 3010 790 3072 multum
822 3009 1012 3074 detrahitur.
1054 3010 1111 3075 sed

99 3101 205 3163 totum
229 3095 372 3178 opinioni
395 3095 443 3158 illi
466 3096 710 3160 fundamentum
734 3097 913 3161 detractum
937 3101 996 3176 est,
1019 3101 1111 3182 post-

100 3207 197 3272 quam
230 3183 266 3248 G.
296 3181 447 3247 Goetaiua
479 3206 560 3248 mua.
588 3185 690 3249 Rhen.
715 3187 758 3251 34
789 3209 819 3269 p.
842 3187 908 3250 496
932 3208 1001 3270 sqq.
1029 3187 1110 3252 loeis

98 3271 361 3356 Hieronymianie
388 3272 515 3336 innixus
538 3273 665 3356 docuit,
692 3273 835 3338 familiae
859 3274 1028 3338 Plautinae
1054 3275 1111 3340 ho·

97 3363 217 3427 minem
242 3360 304 3424 dici
328 3381 414 3443 eum,
442 3361 497 3444 qui
520 3360 608 3426 canis
632 3361 666 3425 in
691 3384 813 3427 morem
837 3350 935 3426 latret
958 3366 991 3426 et
1014 3363 1110 3427 dente

97 3451 191 3516 rodat
213 3451 403 3532 laceretque.
441 3451 487 3512 sio
507 3453 616 3513 autem
636 3450 749 3514 acerbe
767 3455 864 3515 uocat
888 3451 1109 3516 aduersarium

97 3539 268 3621 Caecilius,
296 3537 415 3623 quippe
444 3538 495 3601 eui
523 3539 680 3602 manserit
710 3540 777 3603 alta
804 3543 912 3605 mente
940 3543 1109 3623 repostum
