2430 3938
458 209 637 266 octavius
656 227 678 265 e.
699 215 739 265 17.
761 215 802 265 ra.
1093 208 1136 272 25

123 356 226 421 totius
250 355 362 420 mundi
385 355 534 439 partibus
558 354 789 438 pulchriorem3
813 353 848 418 ni
866 352 960 435 forte,
983 354 1136 439 quoniam
1155 372 1171 421 5

124 445 163 510 de
186 444 391 529 prouidentia
413 444 506 508 nulla
525 443 684 509 dubitatio
704 447 762 521 est,
785 441 1010 527 inquirendum
1031 446 1137 525 putas,

124 535 235 598 utrum
257 532 352 596 unius
375 532 512 615 imperio
536 554 578 596 an
602 532 737 596 arbitrio
760 531 974 615 plurimorum
998 531 1136 595 caeleste

123 640 261 706 regnum
283 621 493 704 gubernatum
517 620 603 704 quod
621 621 729 704 ipsum
747 641 813 684 non
832 622 883 683 est
900 618 997 683 multi
1015 619 1136 684 laboris

98 709 251 794 seperire
274 709 434 794 cogitanti
456 708 595 794 imperia
613 711 751 792 terrena,
774 707 890 791 quibus
910 708 1056 790 exempla
1076 707 1137 771 uti-

124 818 186 882 que
205 797 245 860 de
263 798 362 862 eaelo.
400 797 528 881 quando
547 818 701 880 umquam
719 797 812 881 regni
832 795 968 860 societas
989 800 1046 860 aut
1064 817 1137 859 oum
1156 817 1171 864 a

122 885 186 949 fide
214 886 322 969 eoepit
348 889 407 950 aut
435 886 504 950 sine
532 906 646 950 eruore
673 883 789 949 desiit?
821 884 936 948 omitto
959 883 1076 948 Persas
1100 884 1139 948 de

123 994 280 1057 equorum
300 973 432 1038 hinnitu
452 976 648 1057 augurantes
667 973 894 1056 principatum,
918 977 951 1036 et
969 972 1139 1037 Thebano-

124 1081 197 1126 rum
215 1060 353 1126 fratrum
367 1061 538 1126 mentitam
557 1062 703 1126 fabulam
721 1066 861 1125 transeo.
885 1058 951 1124 *ob
970 1064 1138 1144 pastorum

84 1173 111 1214 ro
125 1157 159 1214 et
182 1170 274 1214 oasae
298 1171 434 1236 regnum
458 1150 496 1213 de
521 1147 691 1235 geminis*
708 1148 864 1213 memoria
886 1149 1057 1213 notissima
1081 1155 1139 1213 est.

126 1238 238 1322 generi
266 1242 298 1303 et
326 1240 429 1304 soceri
451 1238 538 1303 bella
564 1241 635 1304 toto
660 1239 737 1303 orbe
762 1237 877 1301 diffusa
902 1242 991 1320 sunt,
1015 1239 1139 1301 ettam

125 1326 237 1410 magni
264 1327 391 1411 imperii
419 1327 551 1392 fortuna
578 1326 658 1390 duos
687 1347 753 1392 non
780 1326 874 1410 oepit.
917 1326 991 1390 uide
1020 1329 1174 1394 cetera:7

125 1435 182 1477 rex
204 1436 288 1480 unus
317 1415 447 1500 apibus,
475 1416 539 1480 dux
562 1437 645 1480 unus
669 1416 703 1479 in
727 1415 894 1500 gregibus,
922 1414 958 1476 in
983 1413 1139 1477 armentis

125 1505 233 1567 rector
260 1525 354 1568 unus.
394 1507 430 1567 tu
459 1505 604 1569 incaelo
629 1524 789 1568 summam
816 1504 1011 1585 potestatem
1040 1501 1141 1564 diuidi

84 1611 112 1655 ιε
126 1589 238 1655 eredas
268 1595 301 1654 et
328 1590 432 1655 scindi
463 1592 532 1654 ueri
562 1591 651 1655 illius
684 1612 722 1654 ao
749 1590 851 1653 diuini
879 1589 1007 1672 imperii
1035 1591 1139 1653 totam

126 1678 356 1742 maiestatem?
478 1700 551 1743 eum
582 1679 691 1764 palam
724 1678 767 1742 sit
798 1681 964 1760 parentem
995 1677 1140 1741 omnium

126 1766 223 1831 deum
245 1786 305 1831 neo
326 1766 523 1850 principium
546 1767 666 1832 habere
688 1787 747 1830 neo
770 1766 955 1848 terminum,
978 1766 1033 1849 qui
1056 1766 1140 1829 nati-

125 1855 262 1919 uitatem
282 1855 432 1920 omnibus
451 1859 606 1938 praestet,
629 1854 691 1920 sibi
709 1854 970 1938 perpetuitatem,
992 1854 1140 1939 quiante

127 1943 283 2007 mundum
314 1942 413 2008 tuerit
447 1944 509 2009 sibi
542 1944 612 2027 ipse
642 1965 701 2026 pro
730 1942 864 2008 mundo:
897 1944 952 2028 qui
980 1943 1141 2025 uniuersa,

85 2054 113 2095 ao
129 2051 350 2116 quaecumque
375 2038 461 2116 sunt,
483 2033 583 2098 uerbo
606 2031 706 2116 iubet,
728 2032 855 2097 ratione
878 2032 1052 2116 dispensat,
1075 2031 1141 2094 uir-

127 2122 198 2183 tute
227 2125 438 2185 eonsummat.
480 2121 532 2186 hio
559 2142 626 2186 non
651 2121 753 2185 uideri
777 2124 899 2203 potest:
929 2120 1001 2184 uisu
1025 2120 1175 2189 clariore

128 2210 190 2290 est3
214 2228 273 2271 neo
296 2208 472 2292 conprendi
493 2211 644 2292 [potest]:
665 2213 749 2274 tarro
763 2210 874 2290 purior
892 2213 948 2291 est,
971 2229 1029 2272 neo
1048 2208 1142 2271 aesti-

200 2351 216 2399 3
235 2345 359 2413 plurium
374 2344 449 2399 aasz.
466 2346 606 2415 Meyeras,
625 2351 694 2400 reete
707 2350 777 2414 puto
791 2347 830 2412 Ιὸ
848 2362 865 2399 a
880 2345 980 2413 quibus
994 2344 1141 2410 Halmiue;

128 2416 175 2471 aed
198 2421 306 2470 terrena
328 2417 444 2484 imperio
467 2431 521 2470 ease
544 2416 694 2470 constituta
716 2433 735 2469 a
758 2416 807 2469 deo
826 2417 863 2470 ou
881 2416 1031 2485 exemplum
1049 2416 1143 2470 diuini

128 2488 250 2611 imgmiffl
262 2491 348 2611 ‘W
357 2502 385 2541 se
397 2492 439 2611 esp1
442 2487 627 2611 militia
638 2487 816 2612 οοφόᾔτηιᾳτωγ
825 2487 861 2540 ab
867 2487 1056 2612 ἑάϋὲιεηὲροθναΤ
1057 2502 1078 2610 lcl
1092 2490 1123 2610 {³8
1133 2484 1143 2556 Η

129 2573 558 2698 „sustentetur
575 2558 665 2682 ufir
680 2573 869 2696 gaustus..
881 2559 1067 2682 enimam
1078 2573 1142 2696 {t-

129 2701 269 2753 mortuam
278 2703 298 2750 Ρ
308 2698 359 2754 Th.
374 2715 426 2769 par
435 2700 575 2754 mortuam
587 2700 731 2753 Meuraiue
740 2698 791 2752 Th.
802 2697 920 2752 fratrum
928 2698 1142 2752 intermortuam

134 2768 271 2824 Votienus
275 2789 286 2835 ‚·
298 2771 346 2826 sed
354 2786 439 2839 neque
447 2772 588 2824 mortuam
597 2787 682 2839 neque
690 2769 903 2824 intermortuam
913 2773 1008 2838 aptum
1015 2768 1025 2839 t
1032 2774 1057 2834 9,
1068 2773 1102 2822 10
1111 2769 1143 2822 ire

129 2841 222 2895 uerbis
245 2841 393 2908 desperatis
416 2843 529 2895 transeo
552 2843 697 2910 pastorum
721 2857 754 2894 ex
777 2856 843 2894 oasa
865 2856 995 2907 regnum,
1019 2856 1085 2894 nam
1109 2839 1143 2893 de

131 2910 251 2981 geminis
275 2910 420 2981 Useaeraa,
443 2910 479 2966 ob
503 2913 648 2980 pastorum
668 2914 697 2965 et
715 2926 796 2965 ousae
815 2911 922 2982 [potius
940 2909 1080 2980 casarum]
1100 2926 1143 2964 re-

131 2997 218 3107 aar
230 2997 348 3106 stetit
363 2982 509 3106 uasti
525 2980 841 3122 emeterius
854 2983 1142 3108 ertantur

132 3123 240 3179 traiecit
253 3070 460 3192 {normanniam
476 3129 508 3177 16
523 3069 699 3179 iraiestatim
712 3123 734 3176 I
733 3141 773 3178 oo.
786 3122 957 3178 Grooooius:
972 3092 1143 3192 potestatem

131 3199 164 3261 Ρ,
187 3195 260 3263 quod
283 3211 316 3248 eor
334 3196 430 3263 priore
452 3200 543 3250 ortum
566 3199 697 3264 apparet;
723 3195 770 3249 aed
797 3195 892 3249 dubito
919 3210 958 3249 ore
982 3195 1144 3249 nortatus

130 3265 231 3319 erroris
250 3267 378 3320 eorrectio
397 3266 471 3320 adsit
488 3267 520 3319 ia
539 3266 588 3320 illo
607 3281 639 3318 ao
659 3267 703 3334 (=
717 3263 766 3333 al.)
786 3263 876 3319 diuini
889 3269 954 3334 poet
971 3264 1032 3319 ueri
1049 3280 1142 3333 auper-

129 3337 195 3404 ftuo,
213 3341 246 3390 ot
263 3337 300 3390 eit
317 3337 515 3392 restituendum
533 3336 594 3391 ueri
611 3335 688 3389 illius
706 3335 818 3404 imperii
835 3336 926 3391 totam
943 3334 1120 3390 diuinitatem
1136 3332 1140 3405 t

131 3408 247 3462 laram
265 3407 346 3476 aqna
365 3408 460 3476 poenit
478 3407 647 3462 Dombartue
664 3407 674 3475 ΙΙ
693 3410 726 3460 22
745 3406 900 3488 ptossemote
917 3408 1012 3476 potest
1030 3406 1144 3475 depulso

131 3493 185 3532 esse
203 3479 289 3532 uerbo
307 3494 376 3546 quae
394 3480 459 3532 a'nl’
477 3479 576 3533 deeora
593 3480 673 3532 tactu
690 3493 786 3546 panor
804 3480 879 3532 esta
894 3477 1070 3547 Cyprianus.
1086 3481 1111 3542 5,
1126 3479 1142 3530 ὅ

131 3550 317 3618 suppeditata,
335 3551 527 3605 intellexerunt
547 3548 680 3604 Gruterus
698 3553 723 3603 et
745 3546 869 3604 Ursinus.
