2430 3938
429 198 609 255 OCTAVIUS
629 218 652 255 c.
671 206 714 254 33.
734 205 776 254 34.
1063 201 1107 265 53

95 349 213 429 catum,
237 345 327 410 addit
348 349 469 430 tamen,
490 346 555 430 ipsi
578 346 695 410 artifici
713 346 772 410 deo
797 347 857 411 soli
880 351 913 411 et
936 347 1105 411 solubilem

95 456 164 499 esse
188 439 221 498 et
243 434 424 501 mortalem.
461 435 509 499 ita
531 435 614 498 nihil
638 435 754 499 mirum
781 439 839 519 est,
864 436 892 499 si
915 434 981 499 ista
1004 436 1106 500 moles
1127 449 1142 498 5

94 523 135 587 ab
164 544 215 604 eo,
243 545 306 608 quo
335 527 500 589 exstructa
528 527 591 608 est,
622 524 813 590 destruatur.
861 523 1108 605 [animaduertis

94 611 307 696 philosophos
331 612 442 676 eadem
467 613 632 696 disputare
656 611 744 696 quae'
761 612 910 696 dicimus,
932 634 999 677 non
1021 613 1109 696 quod

67 721 155 765 snos
180 700 281 764 simus
305 722 416 765 eorum
439 701 580 787 uestigia
604 701 782 785 subsecuti,
807 701 862 766 sed
886 701 975 786 quod
995 700 1046 764 illi
1069 701 1108 780 de

95 789 217 853 diuinis
238 789 512 873 praedictionibus
535 789 736 873 profetarum
759 790 909 855 umbram
935 790 1108 874 interpola·

93 882 147 942 tae
184 878 332 943 ueritatis
368 878 490 942 imitati
528 879 616 959 sint]
669 879 716 944 sic
753 879 851 943 etiam
889 878 1143 944 condicioneme

93 967 279 1031 renascendi
303 967 499 1050 sapientium
521 967 683 1046 clariores,
705 966 913 1062 Pythagoras
932 967 1056 1052 primus
1076 973 1109 1031 et

94 1056 288 1140 praecipuus
311 1054 421 1141 Plato,
449 1059 601 1140 corrupta
624 1060 657 1120 et
680 1056 850 1120 dimidiata
877 1056 940 1120 fide
968 1055 1109 1121 tradide-

54 1167 80 1206 ro
93 1149 183 1227 runt3
212 1166 289 1208 nam
317 1144 506 1228 corporibus
534 1144 700 1209 dissolutis
731 1145 817 1209 solas
846 1145 971 1209 animas
995 1146 1109 1209 uolunt

94 1238 127 1296 et
150 1237 306 1317 perpetuo
330 1256 462 1298 manere
486 1236 519 1298 et
545 1235 580 1297 in
608 1234 673 1298 alia
700 1254 786 1298 noua
814 1254 951 1318 corpora
979 1233 1107 1317 saepius

95 1344 283 1387 commeare.
317 1321 438 1387 addunt
459 1321 533 1387 istis
557 1326 590 1387 et
611 1322 671 1387 illa
694 1322 734 1387 ad
753 1321 1007 1405 detorquendam
1026 1321 1143 1384 ueri-‘1

93 1413 205 1494 tatem,
224 1412 258 1474 in
278 1411 416 1496 pecudes
436 1433 513 1477 aues
530 1411 644 1476 beluas
662 1411 832 1475 hominum
852 1411 977 1475 animas
995 1409 1108 1474 redire.

94 1521 159 1564 non
182 1500 372 1583 philosophi
396 1521 473 1564 sane
498 1500 619 1584 studio,
646 1499 703 1563 sed
726 1499 817 1562 mimi
841 1499 986 1564 conuicio
1010 1499 1109 1582 digna

54 1589 157 1652 1511111
181 1587 342 1651 sententia
361 1590 423 1671 est3
447 1587 503 1652 sed
527 1588 568 1651 ad
590 1587 797 1672 propositum
821 1587 901 1651 satis
922 1591 985 1670 est,
1009 1588 1108 1651 etiam
1127 1601 1144 1650 8

93 1677 127 1739 in
150 1676 213 1740 hoc
233 1677 394 1759 sapientes
413 1680 541 1755 uestros
564 1676 598 1739 in
621 1677 761 1759 aliquem
784 1675 915 1739 modum
939 1676 1109 1739 nobiscum

95 1785 282 1828 consonare.
323 1767 465 1829 ceterum
488 1764 560 1849 quis
587 1768 656 1828 tam
685 1764 805 1828 stultus
833 1766 890 1828 aut
912 1765 1027 1828 brutus
1051 1767 1144 1848 este

94 1857 130 1917 ut
154 1853 271 1917 audeat
294 1874 485 1938 repugnare,
507 1853 673 1917 hominem
697 1875 716 1917 a
737 1853 807 1936 deo,
828 1857 866 1917 ut
888 1853 1030 1937 primum
1054 1873 1108 1936 po·

93 1942 193 2006 tuisse
221 1941 315 2028 fingi,
350 1943 398 2007 ita
429 1963 525 2027 posse
559 1942 663 2007 denuo
696 1941 879 2026 reformari3
913 1941 1011 2026 [nihil
1040 1962 1109 2005 esse

54 2033 169 2114 apost
200 2032 340 2116 obitum,
372 2034 405 2096 et
438 2034 512 2095 ante
540 2035 646 2096 ortum
678 2031 761 2095 nihil
794 2030 923 2115 fuisse]
957 2031 1041 2096 sicut
1070 2028 1109 2092 de

93 2118 197 2183 nihilo
220 2119 311 2184 nasci
334 2120 440 2204 licuit,
463 2121 511 2184 ita
529 2120 568 2184 de
586 2121 688 2184 nihilo
708 2120 805 2186 licere
828 2119 987 2204 reparari3
1011 2140 1108 2203 porro

95 2207 258 2271 difficilius
283 2230 362 2291 esse,
385 2209 418 2272 id
438 2208 523 2292 quod
547 2230 614 2273 non
634 2209 676 2272 sit
694 2209 836 2292 incipere
855 2230 952 2293 quam
971 2206 1003 2270 id
1023 2206 1110 2290 quod

94 2296 193 2360 fuerit
216 2296 356 2360 iterare?
384 2299 422 2359 tu
445 2296 551 2379 perire
575 2300 608 2360 et
631 2296 690 2360 deo
714 2297 830 2377 credis,
854 2296 882 2360 si
906 2294 983 2380 quid
1007 2294 1108 2360 oculis
1130 2309 1163 2357 10

94 2384 216 2448 nostris
231 2384 403 2449 hebetibus
419 2384 644 2449 subtrahitur?
668 2406 783 2468 corpus
798 2405 893 2448 omne
909 2385 976 2447 siue
993 2383 1111 2448 arescit

56 2494 81 2534 25
95 2473 130 2536 in
157 2473 324 2556 puluerem
353 2474 422 2537 siue
444 2474 478 2536 in
501 2493 647 2537 umorem
675 2473 813 2537 soluitur
836 2474 889 2536 uel
912 2473 946 2537 in
970 2472 1109 2536 cinerem

94 2563 319 2646 comprimitur
336 2563 390 2626 uel
408 2563 443 2626 in
462 2562 606 2627 nidorem
621 2564 782 2644 tenuatur,
802 2561 991 2626 subducitur
1004 2560 1110 2644 nobis,

95 2651 150 2715 sed
174 2651 233 2716 deo
258 2651 489 2715 elementorum
513 2651 638 2716 custodi
661 2653 856 2714 reseruatur.
892 2671 961 2733 nec,
983 2654 1021 2713 ut
1043 2671 1109 2713 cre·

95 2739 180 2823 ditis,
203 2739 305 2803 ullum
325 2740 478 2804 damnum
503 2740 688 2823 sepulturae
706 2739 868 2822 timemus,
893 2739 948 2806 sed
967 2740 1109 2801 ueterem

95 2832 127 2892 et
164 2828 329 2892 meliorem
367 2828 631 2893 consuetudinem
667 2828 822 2892 humandi
856 2826 1109 2911 frequentamus.

166 2988 182 3037 1
197 3001 258 3038 esse
273 2985 303 3038 et
311 2983 464 3039 Woeoeras:
478 2986 507 3038 et
521 3000 582 3038 esse
596 2990 617 3035 P
630 2984 639 3052 ΙΙ
654 2990 669 3039 3
684 3002 722 3038 on
737 2982 828 3052 quoi?
842 2984 852 3053 ΙΙ
866 2984 1034 3038 3-711111101
1048 2983 1109 3037 ani-

94 3054 248 3109 maduertis
267 3085 300 3094 -
319 3055 425 3108 imitati
444 3055 501 3109 sint
521 3055 692 3110 Tertulliano
715 3056 845 3124 dipoioru
868 3071 951 3124 quum
972 3053 1111 3120 Minucio,

94 3128 143 3195 qui
170 3127 282 3180 eaodem
308 3126 470 3180 seutentiam
498 3128 555 3180 ium
582 3142 632 3180 suo
658 3142 732 3180 more
756 3127 900 3194 repressit,
928 3129 960 3180 at
982 3126 1111 3180 emblema

95 3198 200 3252 lectoria
219 3197 366 3251 christiani
383 3198 480 3250 seclusi
497 3198 507 3265 ΙΙ
525 3202 543 3249 4
561 3197 684 3251 filosofos
702 3202 722 3248 P
741 3198 750 3266 ΙΙ
769 3203 784 3250 6
804 3195 1062 3266 praedicationibus
1080 3199 1109 3262 P,

95 3285 162 3323 corr.
183 3267 313 3322 Gelenius
327 3269 366 3337 118
385 3269 537 3337 pytagoras
555 3269 598 3336 ΡΙΙ
614 3272 646 3321 11
665 3268 885 3336 retorquendam
904 3273 932 3335 P,
952 3283 1022 3322 corr.
1041 3265 1110 3319 Bal·

94 3340 220 3407 1101110111
236 3344 268 3392 13
289 3337 356 3392 abes
375 3339 473 3392 ueluas
491 3344 511 3390 P
530 3355 563 3392 m.
584 3340 624 3408 1ss
644 3344 677 3392 14
696 3338 810 3392 mimico
829 3339 899 3392 uitio
918 3343 946 3405 P,
965 3353 1034 3392 corr.
1059 3335 1109 3390 Ur-

94 3412 173 3466 sinus
190 3410 199 3478 ΙΙ
222 3415 263 3477 19,
284 3415 318 3464 10
341 3408 413 3463 nihil
438 3425 498 3463 esse
519 3440 553 3449 -
571 3409 644 3463 nihil
667 3409 752 3464 fuisse
771 3411 880 3464 seclusit
897 3408 1082 3463 Heumauaas
1100 3406 1110 3477 ll

94 3487 127 3536 11
148 3480 229 3534 licuit
246 3496 313 3535 num
331 3478 503 3537 1111101111ηὲ
521 3482 530 3550 ΙΙ
549 3485 583 3534 11
602 3497 662 3534 esse
681 3480 863 3536 Dombortua:
882 3482 925 3532 est
942 3481 985 3545 ΡΗ
1004 3482 1039 3532 15
1058 3477 1109 3530 hu-

95 3568 200 3607 morem
220 3556 240 3602 P
259 3568 328 3607 0011,
347 3554 357 3623 [1
379 3556 414 3605 16
433 3551 530 3605 nidore
549 3556 569 3602 P
587 3554 596 3620 ΙΙ
618 3556 651 3605 17
673 3551 800 3605 custodia
818 3556 851 3618 P,
870 3566 939 3606 corr.
959 3549 1108 3603 Wowerus.
