2430 3938
137 188 183 253 40
495 182 640 238 MINUOII
657 182 796 238 FELICIS

138 331 246 417 magis
279 332 312 412 [a
343 329 577 408 sacerdotibus]
612 351 709 413 quam
742 328 826 392 inter
858 349 930 392 aras
960 331 993 392 et
1019 326 1156 397 delubra

139 420 354 486 condicuntur
374 422 495 502 stupra,
518 418 702 482 tractantur
719 417 890 499 lenocinia,
911 415 1071 482 adidieria
1090 441 1156 485 me-

139 508 308 574 ditantur?
338 506 540 591 frequentius
569 505 706 589 denique
734 505 769 569 in
797 505 1000 570 aedituorum
1027 507 1155 573 cellulis
1199 509 1202 513 ’

140 619 238 683 quam
266 597 301 660 in
325 596 406 679 ipsis
429 594 641 678 lupanaribus
665 593 808 678 flagrans
830 592 931 658 libido
955 593 1155 680 defungitur.

88 701 120 753 12
140 691 173 750 et
192 689 302 751 tamen
322 686 398 749 ante
418 705 472 748 eos
488 682 547 748 deo
563 683 769 767 dispensante
785 681 840 747 diu
858 704 960 768 regna
978 686 1156 751 tenuerunt
1180 705 1193 747 s

139 773 284 858 Assyrii,
307 771 408 854 Medi,
430 771 558 854 Persae,
582 770 697 837 Graeci
721 771 820 835 etiam
839 774 871 835 et
889 770 1058 856 Aegyptii,
1081 794 1155 839 oum

138 862 310 946 pontifices
337 863 370 924 et
397 861 522 926 aruales
551 863 584 923 et
612 861 710 925 salios
737 864 770 924 et
792 859 933 924 uestales
958 862 991 924 et
1014 881 1154 947 augures

138 973 205 1015 non
228 949 387 1014 haberent
409 971 468 1014 nee
490 949 598 1032 pullos
622 970 722 1013 cauea
743 948 897 1032 reclusos,
920 970 1057 1032 quorum
1081 950 1154 1018 cibo

87 1037 192 1104 acue}
213 1037 347 1102 fastidio
371 1059 422 1103 res
445 1037 576 1120 publica
602 1058 729 1102 summa
756 1039 931 1122 regeretur.
976 1037 1044 1102 iam
1067 1038 1155 1105 enim

139 1127 235 1191 uenio
255 1125 295 1190 ad
314 1127 371 1190 illa
390 1126 535 1209 auspicia
549 1129 581 1190 et
599 1125 736 1212 auguria
750 1125 908 1210 Romana,
928 1147 1010 1209 quae
1026 1149 1154 1195 summo
1167 1149 1191 1191 1⁰

138 1215 249 1281 lbore
282 1215 417 1280 collecta
449 1218 589 1279 testatus
618 1235 651 1278 es
682 1217 714 1278 et
741 1214 943 1298 paenitenter
971 1214 1096 1280 omissa
1124 1220 1156 1283 et

103 1237 315 1369 uoliseruata
342 1303 487 1367 feliciter.
529 1301 662 1368 Clodius
695 1302 821 1367 scilicet
848 1304 881 1366 et
911 1301 1093 1369 Flaminius
1123 1308 1156 1371 et

138 1392 249 1457 Iunius
272 1390 344 1457 ideo
369 1392 527 1456 exercitus
550 1390 766 1474 perdiderunt,
790 1390 876 1475 quod
895 1392 1059 1475 pullorum
1077 1394 1155 1460 soli·

103 1498 119 1545 3
139 1481 272 1545 stimum
290 1480 467 1564 tripudium
487 1479 736 1562 exspectandum
754 1502 820 1544 non
838 1483 1046 1563 putauerunt.
1075 1482 1154 1567 quid

138 1568 307 1654 Regulus?
334 1590 441 1634 nonne
461 1566 597 1653 auguria
617 1568 760 1633 seruauit
779 1571 812 1632 et
830 1572 945 1652 captus
965 1568 1037 1633 est?
1060 1568 1152 1636 Man·
1166 1590 1189 1632 rs

139 1659 228 1723 cinus
256 1657 449 1741 religionem
475 1657 592 1721 tenuit:
621 1660 654 1721 et
676 1656 736 1721 sub
760 1657 873 1742 iugum
901 1657 1021 1722 missus
1049 1663 1155 1725 estet

139 1745 275 1811 deditus.
307 1747 413 1830 pullos
433 1745 547 1810 edaces
569 1745 686 1810 habuit
708 1748 741 1809 et
758 1744 892 1810 Paulus:
917 1747 1002 1831 apud
1022 1745 1153 1814 Cannas

138 1838 249 1898 tamen
281 1857 354 1898 eum
387 1834 508 1899 maiore
541 1835 652 1918 populi
679 1833 821 1899 Romani
848 1837 941 1917 parte
968 1840 1152 1919 prostratus

102 1939 120 1987 4
140 1927 197 1986 est.
222 1921 322 1987 Gaius
337 1920 465 2005 Caesar,
483 1944 524 1986 ne
544 1927 620 1988 ante
639 1922 789 1987 brumam
807 1922 841 1986 in
856 1920 1002 1988 Africam
1020 1925 1153 2012 nauigia

139 2011 376 2075 transmitteret
391 2010 534 2095 auguriis
550 2014 583 2075 et
597 2011 750 2094 auspiciis
769 2010 995 2097 retinentibus,
1014 2014 1151 2098 spreuit:
1165 2034 1189 2075 so

104 2115 177 2165 seo
201 2098 330 2162 facilius
355 2102 388 2163 et
410 2099 579 2183 nauigauit
602 2103 634 2163 et
657 2100 744 2163 uicit.
782 2120 863 2183 quae
882 2121 958 2165 uero
978 2106 1011 2165 et
1031 2105 1153 2187 quanta

139 2187 178 2253 dc
197 2187 336 2253 oraculis
358 2186 556 2272 persequar?
584 2191 660 2271 post
678 2192 817 2253 mortem
836 2187 1057 2273 Amphiaraus
1076 2213 1151 2257 uen-

138 2279 212 2341 tura
231 2276 408 2361 respondit,
427 2276 482 2360 qui
500 2276 664 2360 proditum
682 2276 722 2341 iri
742 2299 775 2342 se
796 2278 837 2342 ob
856 2277 977 2342 monile
997 2279 1039 2343 ab
1053 2302 1152 2345 uxore

137 2366 287 2431 nesciuit.
328 2364 468 2429 Tiresias
498 2367 640 2447 [caecus]
667 2365 777 2430 futura
806 2365 950 2452 uidebat,
978 2367 1035 2452 qui
1063 2391 1152 2452 prae·

104 2472 120 2519 s
140 2454 245 2518 sentia
264 2476 330 2518 non
348 2453 488 2518 uidebat.
520 2452 557 2518 de
576 2453 706 2538 Pyrrho
724 2453 850 2519 Ennius
870 2453 1033 2540 Apollinis
1052 2454 1153 2542 Pythi
1165 2475 1188 2517 ss

138 2564 294 2625 responsa
326 2542 513 2625 eonfincxit,
545 2565 619 2608 sum
650 2543 716 2607 iam
748 2543 867 2625 Apollo
899 2565 1013 2609 uersus
1046 2544 1152 2611 facere

139 2630 290 2713 desisset3
315 2632 404 2696 cuius
423 2634 502 2696 tunc
521 2635 653 2696 cautum
671 2630 751 2695 illud
771 2636 804 2695 ct
827 2632 1015 2717 ambiguum
1036 2632 1153 2700 defecit

139 2719 316 2802 oraculum,
341 2742 414 2784 cum
438 2724 470 2783 et
493 2720 663 2802 politiores
685 2719 834 2785 homiues
854 2726 887 2785 et
905 2721 1011 2786 minus
1031 2722 1152 2788 creduli

139 2829 209 2872 esse
230 2811 412 2891 coeperunt.
446 2812 479 2872 et
497 2807 744 2893 Demosthenes,
768 2808 854 2893 quod
877 2810 975 2874 sciret
996 2832 1153 2896 responsa

211 3039 224 3086 1
245 3051 262 3088 a
277 3034 468 3089 sacerdotibus
482 3036 590 3090 seclusit
604 3034 748 3104 Suuppius
764 3039 768 3103 Ι
783 3034 904 3091 interrae
918 3044 938 3090 P
952 3055 986 3090 m.
1000 3043 1017 3091 1
1033 3039 1073 3108 [12
1088 3055 1153 3094 con·

138 3106 277 3159 ducuntur
294 3110 323 3173 P,
342 3122 410 3162 cerr.
431 3106 547 3161 Ursinus
560 3107 599 3173 118
619 3106 681 3160 cius
702 3112 722 3158 P
741 3125 774 3161 in.
795 3109 881 3177 11111
902 3125 931 3162 es
949 3106 1092 3165 Gelenius.-
1111 3114 1155 3165 est

137 3182 157 3228 P
173 3175 178 3248 1
193 3174 352 3243 penitenter
369 3182 389 3228 P
402 3178 412 3245 u
427 3182 459 3231 12
480 3177 612 3232 Claudius
627 3177 793 3248 Meensiusl
808 3185 849 3247 13,
867 3185 900 3233 14
919 3179 1153 3235 sollemnisimum

137 3252 166 3314 P,
185 3263 253 3302 eurr.
275 3245 405 3302 Gelenius
418 3249 427 3316 ll
442 3253 474 3301 15
494 3246 606 3318 arguria
624 3250 668 3317 Pl}
683 3254 715 3303 18
734 3249 834 3318 populi
852 3249 972 3305 Romani
986 3250 1018 3304 P.
1034 3251 1154 3309 Daniel:

137 3318 206 3388 reip.
221 3318 258 3389 ΡΗ
269 3323 303 3371 20
317 3317 503 3372 renitentibus
512 3325 540 3386 P,
555 3335 622 3375 corr.
643 3319 760 3375 Ursinus
776 3323 780 3390 Ι
797 3321 904 3394 spreuit
917 3327 937 3373 P
951 3324 961 3392 l
974 3326 1016 3389 20,
1032 3327 1065 3377 21
1084 3329 1155 3392 puto

139 3389 247 3460 spreuit
266 3403 312 3443 ea:
331 3387 441 3442 facilius
456 3391 465 3458 u
483 3395 517 3442 22
537 3406 690 3460 prosequar
707 3396 736 3454 P,
755 3393 885 3462 correxit}
902 3399 937 3448 23
955 3392 1100 3462 proditum
1117 3394 1155 3449 iri

139 3477 167 3514 se
187 3477 220 3514 ex
237 3458 376 3530 prodituis
394 3457 449 3513 rise
469 3476 536 3514 corr.
555 3467 575 3513 P
589 3462 598 3530 ΙΙ
612 3468 646 3515 24
665 3461 705 3516 ire
725 3462 780 3516 sias
795 3469 815 3516 P
830 3472 835 3527 Ι
852 3481 951 3519 caecus
968 3465 1078 3519 seclusit
1092 3465 1154 3521 Du·

137 3533 242 3597 nisius,-
260 3548 299 3586 un
317 3530 506 3599 aeque?1125
525 3533 629 3600 phyrrc
647 3538 667 3585 P
683 3539 688 3599 Ι
703 3534 765 3602 pyti
783 3540 810 3588 P.
