2422 3946
135 190 180 255 34
494 191 636 245 MINUCII
653 190 791 245 FELICIS

100 354 117 403 5
135 337 216 401 hece
234 337 297 400 iam
315 358 379 401 non
400 340 475 400 sunt
494 357 595 419 sacra,
613 339 776 401 tormenta
791 338 874 400 sunt.
902 334 1001 421 quid?
1026 335 1152 402 formae

136 425 227 509 ipsae
251 429 283 489 et
310 424 441 490 habitus
469 445 577 489 nonne
605 428 746 509 arguunt
774 424 914 490 ludibria
938 427 970 488 εὴ
993 424 1151 490 dedecora

137 513 269 578 deorum
293 512 498 579 uestrorum?
527 512 691 577 Vulcanus
715 513 847 577 claudus
866 512 944 576 deus
969 515 1002 576 et
1025 513 1151 599 debilis,

137 599 257 685 Apollo
276 605 328 666 tot
351 602 513 667 aetatibus
536 601 627 686 leuis,
651 599 863 684 Aesculapius
882 603 963 666 bene
980 601 1150 683 barbatus,

136 690 198 755 etsi
236 712 363 773 semper
399 689 613 754 adulescentis
646 689 809 773 Apollinis
841 689 942 772 filius,
974 688 1149 772 Neptunus
1176 711 1189 751 s

136 778 262 861 glaucis
287 779 402 863 oeulis,
423 776 573 842 Minerua
596 779 721 862 caesiis,
744 778 873 843 bubulis
896 776 988 862 Iuno,
1010 779 1148 862 pedibus

134 865 313 931 Mercurius
337 868 447 951 alsatie,
469 866 539 931 Pan
562 867 740 950 ungulatis,
765 865 923 931 Saturnus
947 868 1148 951 compeditis.

134 954 232 1019 Ianus
261 977 339 1020 uero
368 957 492 1021 frontes
516 955 595 1020 duas
619 958 741 1039 gestat,
770 955 862 1040 quasi
886 958 919 1018 et
942 976 1077 1020 auersus
1100 957 1148 1022 in-

134 1043 230 1107 ierim
261 1043 398 1109 incedat.
439 1043 546 1108 Diana
573 1044 723 1108 uenatrix
751 1046 800 1107 est
830 1043 895 1106 alte
923 1045 1089 1110 succincta
1115 1049 1149 1110 ct

134 1130 278 1215 Ephesia
296 1133 447 1197 mammis
466 1133 575 1196 multis
595 1137 628 1196 et
640 1132 795 1197 uberibus
810 1135 973 1196 exstructa
988 1137 1021 1196 et
1035 1133 1149 1199 Triuia
1162 1153 1192 1209 ro,

98 1242 114 1289 6
134 1221 227 1284 trinis
252 1222 412 1304 capitibus
432 1224 464 1285 et
487 1221 599 1285 multis
618 1220 769 1285 manibus
788 1220 948 1286 horrifica.
980 1220 1058 1304 quid
1076 1220 1148 1306 ipse

133 1308 280 1394 Iuppiter
306 1308 435 1374 uester?
466 1310 561 1374 modo
589 1309 732 1373 inberbis
756 1308 924 1392 statuitur,
950 1308 1047 1374 modo
1071 1309 1147 1375 bar·

133 1398 243 1482 batus,
267 1401 299 1462 et
318 1420 390 1463 eum
409 1398 574 1462 Hammon
592 1399 728 1481 locatur,
751 1397 850 1461 habet
869 1418 999 1482 cornua,
1019 1401 1052 1464 et
1071 1419 1146 1465 cum

133 1484 347 1571 Capitolinus,
365 1491 443 1551 tunc
462 1487 546 1571 gerit
564 1486 710 1570 fulmina,
729 1490 762 1550 ot
776 1507 849 1550 cum
862 1484 1012 1569 Latiaris,
1031 1508 1145 1553 cruore

132 1575 346 1659 perfunditur,
369 1578 402 1639 et
425 1597 497 1640 eum
515 1573 689 1659 Feretrius,
713 1596 832 1639 corona
854 1573 1006 1639 induitur.
1044 1579 1078 1640 et
1099 1597 1142 1642 ne
1157 1595 1182 1636 15

132 1664 262 1748 longius
290 1664 410 1729 multos
432 1662 527 1728 Ioues
552 1664 681 1745 obeam,
709 1666 760 1727 tot
783 1666 859 1727 sunt
881 1661 969 1728 Iouis
998 1668 1147 1729 monstra

98 1771 113 1818 7
133 1757 213 1835 quot
230 1752 371 1817 nomina.
398 1751 542 1836 Erigone
561 1774 719 1835 suspensa
736 1751 774 1816 de
793 1752 907 1836 laqueo
923 1755 982 1835 est,
999 1755 1037 1817 ut
1051 1754 1144 1838 uirgo

132 1841 217 1903 inter
240 1844 328 1904 astra
351 1842 463 1926 agnita
486 1842 542 1925 sit,
570 1838 721 1905 Castores
746 1840 880 1905 alternis
904 1841 1085 1906 moriuntur
1106 1846 1145 1906 ut

132 1927 257 2012 uiuant,
291 1927 503 2013 Aesculapius
536 1931 573 1993 ut
606 1929 640 1992 in
668 1929 762 1992 deum
795 1932 909 2013 surgat
940 1927 1145 2014 fulminatur,

204 2126 220 2174 2
240 2120 342 2174 decora
355 2124 383 2187 P,
397 2135 466 2176 corr.
484 2119 614 2175 Gelenius
627 2121 637 2189 l
650 2126 666 2174 3
681 2121 836 2189 plessemete
850 2121 967 2176 claudus
980 2120 1049 2174 deus
1063 2122 1145 2177 eiecto

131 2191 225 2245 melin
264 2190 314 2244 ede
334 2189 433 2244 debilis
449 2191 526 2259 (deus
541 2191 628 2245 solnm
642 2192 704 2245 eicit
718 2190 866 2260 Woweres)
881 2193 890 2261 ΙΙ
904 2196 958 2261 8,9
973 2207 1089 2246 auersus
1103 2192 1144 2246 in·

132 2260 222 2315 cedat.
241 2209 333 2315 iiiana
351 2260 464 2315 interim
484 2264 526 2316 est
543 2263 600 2316 alte
619 2263 762 2317 succincta
780 2262 909 2317 senatrix
928 2265 957 2317 et
975 2262 1092 2331 ephesia
1110 2269 1144 2330 1’3

131 2334 163 2386 in
179 2348 232 2387 sne
250 2334 310 2387 toea
328 2333 408 2387 reieci
426 2335 584 2402 inportene
602 2349 677 2387 nene
695 2334 831 2388 nocebnle
847 2333 961 2388 interim
976 2340 1001 2388 et
1014 2334 1145 2388 senatrix

131 2405 172 2469 (et
191 2404 324 2458 aduersus
344 2407 373 2458 et
387 2421 500 2458 auersus
514 2404 627 2458 incedat
640 2405 774 2474 Koclrins)
789 2406 798 2472 ΙΙ
814 2410 847 2457 10
861 2404 992 2458 uberibus
1011 2403 1143 2460 Ursinus:

130 2473 242 2527 ueribns
257 2475 289 2546 Pl
301 2473 387 2529 tribia
400 2475 481 2546 Pll12
496 2473 622 2530 inberbis
637 2492 670 2529 ee
684 2476 739 2528 -uis
754 2492 822 2530 corr.
836 2474 1065 2546 1’1112,13modo
1079 2474 1142 2531 bar-

130 2543 213 2598 batus
232 2545 348 2600 locatur.
368 2546 478 2601 etcum
498 2547 630 2600 hammon
649 2545 753 2599 dicitnr
771 2547 858 2600 habet
876 2552 908 2611 Pi
929 2546 1040 2600 locatur
1059 2548 1143 2616 (qnod

130 2616 198 2670 delet
220 2617 413 2686 Hennennns)
441 2622 623 2671 correctorem
649 2618 733 2672 babeo
759 2619 837 2671 illies
859 2618 930 2684 falso
953 2618 1051 2686 scripti
1074 2618 1142 2672 dici·

129 2688 183 2753 tur,
202 2688 275 2756 qnod
293 2689 425 2742 absonam
443 2693 481 2743 est
500 2690 574 2757 (cum
589 2688 728 2742 Hammon
748 2688 858 2755 dicitur,
878 2686 952 2757 gerit
969 2687 1114 2757 fulminat)
1133 2688 1143 2760 Η

130 2761 163 2810 15
190 2775 293 2813 corona
315 2757 441 2812 induitur
463 2760 607 2827 temptaui:
635 2775 690 2812 non
713 2758 825 2813 auditur
846 2764 866 2811 Ρ
890 2758 991 2827 opimis
1014 2757 1142 2814 induitur

129 2829 151 2880 Ι
150 2870 156 2882 .
169 2828 220 2883 Fr.
233 2827 402 2895 (truncates
415 2835 515 2886 eeteree
529 2829 699 2884 coniecturae
713 2835 762 2884 ent
776 2831 893 2884 absonae
907 2833 957 2883 eet
966 2831 988 2882 Ι
987 2830 1048 2885 oen
1058 2829 1140 2885 Fere-

128 2901 179 2953 trii
191 2901 223 2953 in
236 2905 330 2954 statne
343 2901 455 2970 speeiem
468 2901 612 2971 nepleeent
621 2900 630 2971 ll
641 2905 682 2967 15,
695 2902 833 2955 lunatim
846 2916 881 2954 ne
895 2899 1007 2969 longius
1024 2901 1140 2971 [multos

127 2969 219 3040 Ioues]
244 2970 342 3025 abeam
367 2972 476 3042 (obeam
499 2972 558 3026 sine
580 2973 677 3025 nectito
695 2988 821 3026 sermone
840 2972 884 3026 nel
901 2969 1028 3026 oratione
1048 2973 1140 3027 obsen-

128 3043 200 3109 rene)
215 3045 224 3110 ΙΙ
239 3046 273 3096 16
291 3040 365 3096 Iouis
384 3044 455 3097 delet
469 3042 635 3113 Senppiesli
651 3048 683 3096 17
703 3043 777 3110 quod
795 3047 815 3094 P
831 3044 912 3112 lpost
929 3042 1044 3096 nomina
1062 3043 1140 3097 eber·

126 3118 207 3166 rente
229 3113 344 3167 librario
368 3132 386 3168 e
408 3113 521 3167 nomina
544 3114 582 3168 eet
605 3112 720 3167 numina
742 3114 911 3168 intercidisse
929 3117 999 3182 peto
1017 3112 1103 3167 eerbe
1122 3131 1140 3168 e

129 3181 269 3252 Cypriane
295 3189 319 3253 1,
338 3191 353 3236 3
377 3186 565 3254 suppeditata:
588 3186 617 3238 et
639 3184 784 3238 uideamus
807 3201 843 3239 an
866 3184 905 3238 sit
927 3184 1043 3238 ethaeo
1063 3185 1140 3252 apud

128 3252 253 3321 singulos
282 3253 394 3308 ueritas.
436 3254 593 3310 Melicertes
622 3256 651 3309 et
672 3254 833 3310 Leucothea
857 3253 1081 3324 praecipitantur
1108 3255 1140 3308 in

126 3325 216 3377 maria
239 3327 269 3378 et
291 3324 361 3378 fiunt
383 3327 560 3394 postmodum
584 3325 668 3380 maris
687 3327 803 3380 numina
824 3328 834 3394 11
858 3331 890 3379 18
911 3324 1009 3395 agnita
1026 3326 1140 3395 scripsi:

127 3395 225 3463 ignata
243 3401 263 3446 1³
286 3395 377 3464 ignita
399 3399 482 3466 nntpo
505 3398 667 3452 otiosissime
689 3399 818 3467 epitheto;
840 3399 964 3466 seqnitur
981 3397 1055 3451 Min.
1080 3413 1140 3452 eam

125 3467 247 3606 (papales)
263 3468 394 3534 formem,
421 3485 476 3536 qne
498 3468 625 3523 Becebns
649 3470 772 3538 eorrupit
794 3468 939 3538 Erieonen
962 3467 1055 3535 (Oete.
1078 3473 1139 3524 met.
