2430 3938
397 194 812 272 ‘nnirourssanussmo‘
1021 217 1112 272 xxm

100 383 160 446 per
183 363 293 427 oculos
321 360 416 426 nobis
440 360 544 446 ingeri
568 361 737 426 caelestem
762 361 942 425 claritatem
968 363 1111 446 optinea-

102 448 179 514 tur?
203 450 304 515 sensit
326 450 388 514 hoe
411 471 514 533 nuper
536 448 562 514 l.
581 448 604 512 I.
624 448 865 514 Comelissenus
885 449 979 514 ualde
1003 450 1111 533 inpru-

100 538 214 603 denter
228 536 364 603 ‘sensus'
379 558 578 621 proponens3
602 559 702 620 aquo
722 559 794 601 eum
813 539 982 620 sequentia
1000 539 1112 603 statim

100 627 137 690 in
167 627 230 691 hoc
262 628 334 710 ipso
367 625 535 690 enuntiato
569 625 751 690 ‘sentimus'
780 629 813 688 et
842 624 1015 691 ‘sensibus'
1047 648 1112 693 non

100 715 206 779 minus
231 736 328 799 quarn
361 715 508 798 neglecta
540 714 693 796 primaria
727 714 805 778 artis
838 715 967 779 criticae
990 716 1113 800 regula,

100 825 140 867 ex
172 825 236 887 qua
268 805 374 867 locum
408 807 577 886 aegrotum
615 805 787 866 attrectare
819 803 939 885 duplici
971 803 1111 868 remedio

100 900 262 976 uetamnr,
299 890 464 955 dehortari
496 890 684 954 debuerunt.
731 890 877 974 equidem
914 892 1112 956 conieceram

100 978 220 1064 (nequ'e
240 981 329 1043 muto
349 977 484 1061 facturn)
501 977 606 1043 ‘datus
627 981 677 1042 est
695 982 728 1042 et
746 1001 838 1043 mens
857 976 936 1066 (in-s)
956 985 989 1044 et
1006 979 1111 1045 ratio'.

101 1067 187 1130 idem
224 1072 331 1132 autem
363 1065 609 1132 Cornelissenus
642 1067 741 1131 etiam
777 1068 811 1131 in
848 1069 971 1131 ultimis
1004 1069 1112 1132 uerbis

101 1155 217 1219 uitium
240 1156 305 1220 iam
325 1155 470 1239 agnouit,
493 1155 549 1219 sed
567 1157 605 1218 ut
623 1154 699 1218 huic
717 1176 844 1239 quoque
861 1156 1006 1221 tollendo
1026 1162 1112 1222 esset

99 1247 203 1327 inpar.
244 1266 321 1308 nam
348 1243 434 1327 quod
462 1243 503 1307 ad
529 1242 722 1308 ‘imitamur'
746 1244 881 1308 uerbum
910 1244 1028 1309 attinet
1054 1267 1112 1328 per

99 1353 134 1397 se
163 1333 321 1416 optimum
350 1331 403 1416 (cf.
430 1331 618 1397 Lactantius
648 1331 686 1412 de
714 1331 791 1416 opif.
819 1332 870 1396 dei
897 1353 923 1397 o,
943 1331 993 1417 8),
1025 1334 1113 1397 ualet

99 1421 182 1485 illud
205 1421 421 1487 Horatianum
444 1418 513 1485 ‘scd
536 1441 621 1484 nuno
644 1443 710 1485 non
733 1425 803 1485 erat
825 1420 877 1485 his
900 1419 1011 1485 locus'.
1050 1420 1110 1484 fal-

99 1530 172 1573 sum
204 1513 254 1573 est
286 1513 396 1573 autem
424 1505 643 1573 Cornelisseni
673 1513 891 1572 commentum
921 1508 1111 1573 ‘intuemur'

100 1600 272 1681 propterea
299 1596 384 1680 quod
412 1595 494 1660 haee
516 1598 609 1661 notio
633 1597 729 1681 plane
752 1600 802 1660 est
825 1597 994 1680 superflua.
1036 1602 1112 1680 port

100 1685 201 1749 uerba
219 1685 305 1749 enim
321 1684 561 1768 ‘adgnoscimus
581 1681 689 1772 (uultu
708 1687 741 1748 et
759 1682 934 1769 suspectu),
954 1685 1111 1750 sentimus

100 1770 223 1860 (mente
242 1775 276 1836 et
295 1770 448 1859 ratione)'
466 1772 532 1837 iam
556 1771 638 1836 illud
658 1793 756 1836 unum
776 1772 862 1857 quod
880 1773 953 1838 inde
973 1772 1111 1839 efficitur

100 1861 183 1926 adici
209 1862 329 1945 potuit,
355 1860 418 1926 hoc
443 1865 493 1926 est
517 1860 728 1945 ‘recipimus’3
758 1862 796 1925 cf.
821 1862 933 1945 pulcra
960 1862 1110 1946 gradatio

100 1972 126 2015 c.
154 1951 207 2033 14,
232 1951 250 2014 7
279 1951 385 2034 eiipcre
408 1949 541 2032 probare
566 1951 724 2032 suscipere.
770 1951 880 2034 itaque
907 1972 1020 2015 uocem
1044 1952 1112 2015 uul-

100 2059 211 2124 garem
240 2036 433 2103 ‘imitamur'
461 2039 616 2123 scriptam
649 2060 719 2103 esse
752 2042 832 2123 puto
864 2060 923 2122 pro
952 2038 1112 2124 exquisita

99 2126 306 2210 ‘initiamus'3
340 2127 379 2193 cf.
407 2150 432 2192 c.
457 2128 530 2210 7,2
561 2146 610 2192 eos
637 2127 835 2209 deprclwades
866 2129 1006 2192 initiasse
1032 2129 1112 2194 ritus

99 2216 238 2279 omnium
260 2216 456 2299 relipiouum,
479 2216 541 2279 hoc
564 2220 626 2296 est,
648 2216 817 2299 recepisse.

167 2323 194 2366 o.
212 2303 264 2387 20,
283 2303 304 2367 2
326 2323 389 2366 aaa
405 2323 462 2368 uos
480 2304 562 2367 debet
579 2305 751 2384 animalitas
768 2305 972 2385 inperitorum
988 2303 1112 2383 sabellis

98 2391 166 2457 suis
192 2392 339 2456 demetata
364 2391 414 2455 uel
440 2395 531 2472 capia
557 2392 601 2455 uei
626 2411 759 2455 arerem
785 2393 887 2455 mutati
913 2412 1019 2473 rapere
1044 2412 1111 2457 coa-

98 2491 219 2545 scusus.'
254 2479 291 2542 in
317 2480 414 2544 unica
441 2499 554 2544 uocem
578 2477 813 2562 ‘inperitorum'
836 2478 1026 2562 expediendi
1056 2481 1111 2545 uia

101 2590 120 2632 a
156 2568 370 2653 grammatica
407 2567 625 2653 suppeditata,
662 2567 786 2633 scilieet
821 2571 858 2632 ut
895 2569 1110 2652 coniungatur

99 2655 289 2740 ‘antiquitas
317 2654 552 2740 inperitorum',
580 2657 652 2740 quis
679 2678 745 2720 non
767 2655 852 2720 ridet
874 2656 1108 2740 interpretandi

98 2745 348 2830 peruersitatem
376 2767 549 2828 summam,
576 2767 639 2830 qua
668 2745 832 2809 affirmant
852 2745 953 2809 uerba
977 2744 1034 2809 illa
1057 2746 1110 2810 de·

100 2833 229 2919 signare
261 2838 387 2917 partem
418 2833 586 2899 hominum
616 2834 823 2918 antiquorum
850 2833 1046 2916 inperitam?
1079 2839 1112 2898 et

99 2925 240 3007 quantae
268 2922 478 3007 adrogantiae
506 2923 547 2986 ab
570 2922 623 2987 his
651 2925 736 2987 certe
760 2920 969 3001 Christianis,
998 2923 1109 3006 quales

99 3031 134 3074 se
154 3013 271 3095 gerunt
284 3008 438 3075 Octauius
458 3014 491 3075 et
506 3009 677 3094 Minucius,
695 3011 820 3075 alienae
838 3011 900 3075 hoc
920 3017 978 3094 est,
996 3016 1110 3094 poetas

98 3097 189 3182 (nam
214 3098 331 3163 horum
354 3103 431 3163 sunt
452 3099 583 3164 fabulae
606 3099 682 3164 illac
705 3099 803 3183 hique
825 3099 1028 3184 philosophis
1053 3122 1109 3186 op·

98 3185 278 3270 ponuntur)
308 3186 427 3252 referre
460 3188 650 3272 simpliciter
679 3188 766 3253 inter
792 3188 959 3272 inperitos.
1002 3210 1109 3252 emen·

98 3276 175 3340 daui
203 3276 392 3360 ‘antiquitas
419 3276 455 3339 in
486 3279 656 3360 poetarum
688 3276 818 3341 fabellis
852 3277 917 3341 suis
950 3277 1109 3342 delectata

98 3364 152 3427 uel
175 3364 294 3447 eapta’3
317 3385 393 3429 nam
417 3365 530 3429 curin
554 3364 767 3447 suspitionem
791 3386 943 3429 nocemus
967 3364 1000 3428 id
1023 3365 1108 3448 quod

99 3455 151 3515 est
172 3452 236 3516 ‘uel
255 3450 372 3537 capta',
395 3457 432 3517 ut
454 3453 557 3517 fecere
577 3453 722 3536 priorum
746 3453 904 3536 nonnulli,
927 3474 993 3517 non
1012 3453 1108 3516 uideo

100 3561 232 3606 causam
254 3541 412 3628 idoneam,
435 3546 513 3628 apta
531 3563 603 3606 cum
622 3542 708 3607 adsit
726 3542 875 3627 gradatio
895 3540 1018 3627 (uertas
1041 3561 1110 3626 ger-

1160 1959 1180 1996 1
