2430 3938
122 215 166 280 56
477 212 623 268 MINUCII
641 211 781 269 FELICIS

121 363 233 425 tamen
259 361 314 445 qui
341 363 451 444 potest
478 379 602 443 pauper
625 378 696 422 esse
719 359 863 442 quinon
886 361 969 443 eget,
992 359 1049 443 qui
1071 380 1140 425 non

121 449 228 514 inhiat
256 450 376 533 alieno,
403 448 459 533 qui
487 446 545 511 deo
560 445 660 510 diues
689 445 761 511 est?
798 446 904 532 magis
931 467 1056 531 pauper
1082 446 1139 512 ille

122 542 184 622 est,
212 538 269 623 qui
297 560 370 602 cum
398 537 501 600 multa
532 534 666 618 habeat,
696 535 792 618 plura
824 534 986 600 desiderat
1016 539 1138 602 tamen.

86 642 102 692 5
122 627 226 692 dicam
248 624 520 710 quemadmodum
545 622 662 688 sentio:
685 645 781 688 nemo
799 626 868 688 tam
886 646 1011 708 pauper
1027 628 1140 708 potest

122 737 192 780 esse
217 737 314 800 quam
337 717 434 778 natus
457 714 516 777 est.
553 733 629 777 aues
653 711 722 776 sine
744 713 941 797 patrimonio
964 713 1082 778 uiuunt
1105 717 1139 778 et
1162 733 1176 776 a

121 804 156 867 in
179 801 264 868 diem
286 806 473 886 pascuntur.
511 804 543 864 et
564 801 645 865 haec
669 822 791 886 pascua
813 802 908 867 nobis
926 805 1040 866 tamen
1058 805 1139 868 nate

121 896 210 973 sunt,
237 891 293 974 qui
320 890 444 974 omnia,
471 889 500 954 si
527 911 594 954 non
624 890 896 974 concupiscimus,
922 887 1138 975 possidemus.

85 980 223 1064 sigitur
245 983 282 1042 ut
305 980 361 1064 qui
382 979 471 1043 uiam
493 977 572 1042 terit
594 999 632 1042 eo
651 976 778 1042 felicior
798 1000 861 1063 quo
880 979 985 1043 leuior
1006 978 1138 1064 incedit,

119 1068 167 1132 ita
190 1068 318 1133 beatior
339 1069 374 1132 in
400 1068 462 1132 hoc
488 1067 606 1132 itinere
628 1066 774 1149 uiuendi,
802 1067 858 1151 qui
884 1071 1077 1152 paupertate
1102 1090 1138 1134 se

85 1175 100 1224 7
121 1156 277 1239 subleuat,
299 1179 366 1221 non
385 1158 445 1220 sub
464 1155 652 1220 diuitiarum
672 1177 768 1221 onere
789 1156 943 1239 suspirat
973 1159 1006 1221 et
1023 1159 1136 1222 temen
1151 1178 1176 1218 ιο

120 1243 300 1329 facultates
323 1246 351 1310 si
370 1245 467 1309 utiles
490 1247 689 1328 putaremus,
712 1243 810 1309 adeo
829 1266 1051 1328 posceremus:
1075 1245 1137 1311 uti-

120 1355 182 1417 que
214 1334 382 1418 indulgere
413 1337 526 1417 posset
562 1334 781 1417 aliquantum,
813 1333 903 1398 cuius
937 1336 988 1397 est
1018 1337 1137 1402 totum.

120 1423 176 1486 sed
202 1444 263 1487 nos
292 1426 499 1488 contemnere
522 1423 685 1487 malumus
709 1443 788 1506 opes
812 1443 910 1505 quam
933 1421 1136 1508 contingere:

118 1510 337 1575 innocentiam
360 1510 466 1597 magis
488 1511 645 1594 cupimus,
669 1510 776 1595 magis
794 1509 988 1594 patientiam
1006 1509 1134 1597 flagite-

118 1621 205 1683 mus,
237 1601 398 1663 malumus
429 1620 490 1664 nos
521 1600 626 1666 bonos
661 1620 732 1663 esse
766 1620 863 1682 quam
895 1598 1061 1682 prodigos.
1103 1604 1136 1665 et
1149 1621 1175 1661 15

119 1689 206 1773 quod
229 1688 372 1773 eorporis
395 1688 533 1753 humani
554 1689 637 1754 uitia
661 1687 819 1752 sentimus
838 1690 872 1752 et
891 1688 1045 1772 patimur,
1067 1709 1134 1753 non

82 1795 99 1844 8
118 1782 168 1841 cst
195 1799 315 1860 poena,
342 1777 461 1842 militia
484 1782 544 1842 est.
584 1776 743 1842 fortitudo
768 1776 854 1839 enim
876 1776 912 1840 ire
934 1775 1133 1841 infirmitati-

118 1865 178 1928 bus
201 1866 375 1929 roboratur
399 1868 433 1929 et
456 1866 625 1931 calamitas
651 1863 780 1948 saepius
804 1864 976 1948 disciplina
999 1864 1133 1930 uirtutis

118 1956 176 2018 est.
217 1953 303 2017 uires
332 1953 469 2035 denique
493 1959 526 2018 et
547 1954 666 2018 mentis
691 1955 724 2017 et
747 1954 890 2036 corporis
915 1952 984 2017 sine
1007 1953 1131 2019 laboris

118 2041 348 2105 exercitatione
366 2044 564 2125 torpescunt.
594 2062 707 2107 omnes
729 2041 809 2105 adeo
824 2041 927 2105 uestri
941 2040 1004 2105 uiri
1022 2040 1134 2127 fortes,
1149 2065 1176 2104 so

118 2151 199 2212 quos
227 2130 262 2193 in
292 2128 475 2213 exemplum
503 2129 714 2214 praedicatis,
743 2131 906 2194 aerumnis
930 2130 996 2194 suis
1018 2131 1135 2215 inclyti

81 2237 98 2286 9
117 2217 306 2283 floruerunt.
342 2219 452 2303 itaque
476 2225 510 2284 et
531 2219 628 2284 nobis
652 2218 731 2282 deus
754 2239 812 2282 nec
836 2239 903 2282 non
925 2221 1037 2302 potest
1060 2219 1133 2284 suh·

116 2307 227 2371 uenire
259 2328 319 2372 nec
343 2307 505 2391 despicit,
537 2330 610 2372 cum
644 2307 687 2372 sit
718 2310 751 2372 et
783 2307 929 2371 omnium
960 2310 1068 2373 rector
1102 2314 1135 2373 et

117 2399 245 2459 amator
272 2417 418 2478 suorum,
446 2397 502 2461 sed
526 2396 588 2477 [in]
614 2396 759 2460 aduersis
788 2417 1051 2480 unumquemque
1079 2418 1133 2461 ex-

115 2485 225 2567 plorat
256 2487 289 2547 et
321 2487 499 2568 examinat,
533 2484 703 2570 ingenium
741 2484 943 2568 singulorum
979 2484 1131 2567 periculis
1147 2507 1175 2547 aa

114 2571 269 2656 pensitat,
292 2593 394 2655 usque
417 2575 459 2638 ad
483 2577 663 2638 extremam
686 2575 826 2638 mortem
849 2572 1051 2637 uoluntatem
1074 2574 1133 2639 ho

115 2661 212 2725 minis
236 2660 427 2746 sciscitatur,
453 2662 537 2727 nihil
560 2663 624 2726 sibi
647 2682 742 2746 posse
765 2662 870 2745 perire
895 2683 1035 2726 securus.
1071 2661 1133 2727 ita-

116 2771 177 2833 que
196 2753 232 2813 ut
251 2771 365 2814 aurum
385 2751 528 2836 ignibus,
552 2751 599 2815 sic
616 2771 677 2814 nos
698 2749 938 2814 discriminibus
957 2750 1132 2835 arguimur.

63 2837 212 2922 37quam
231 2838 403 2923 pulchrum
423 2840 641 2924 spectaculum
657 2838 725 2921 deo,
744 2860 817 2902 cum
832 2835 1039 2903 Christianus
1059 2861 1133 2904 cum

114 2927 225 2991 dolore
248 2928 462 3011 congreditur,
491 2950 565 2992 cum
589 2928 760 2992 aduersum
788 2927 893 2991 minas
917 2931 949 2990 et
973 2928 1132 3012 supplicia
1146 2949 1174 2990 ao

184 3141 200 3189 3
221 3135 270 3204 qui
290 3136 442 3191 Wowerree:
461 3136 524 3204 quis
543 3138 585 3205 ΡΙΙ
599 3140 625 3202 3,
645 3140 662 3188 4
681 3138 777 3190 tamen
796 3135 889 3190 dicam
906 3137 1019 3205 scripsi:
1038 3135 1131 3192 dicam

112 3209 207 3260 tamen
221 3211 241 3258 1³
254 3207 294 3275 lss
314 3206 343 3260 in
363 3206 437 3261 diem
458 3222 564 3276 pascue
581 3210 736 3275 pascuntur
754 3207 870 3261 ethaeo
888 3207 968 3261 nobis
987 3209 1129 3276 tamen1’3

111 3293 225 3347 pascua,
243 3278 316 3346 quod
333 3277 401 3332 delet
420 3277 544 3344 Ursinus,
565 3280 596 3332 ire
614 3294 705 3346 pecua
723 3282 811 3332 mutat
830 3276 967 3344 Gelenius,
980 3277 1132 3347 posthaec

111 3347 252 3420 treiecill‘l
273 3346 322 3415 qui
337 3349 514 3404 Perizonius:
534 3348 680 3420 quaerllss
698 3345 819 3420 felicior]
838 3365 929 3404 noune
946 3349 1132 3424 pernicior?ll

112 3426 129 3474 9
148 3418 244 3474 itineri
260 3423 281 3470 Ρ
299 3436 333 3472 m.
348 3421 389 3488 111
404 3424 436 3473 13
456 3418 641 3485 continerer,
660 3435 728 3474 corr.
747 3419 874 3475 Oeblercc
887 3421 897 3488 ΙΙ
913 3425 945 3474 16
964 3421 1088 3476 humana
1102 3427 1131 3492 1³,

111 3507 180 3546 corr.
199 3490 383 3545 Hecmeucue
401 3492 410 3560 [Ι
430 3496 463 3545 17
481 3491 510 3544 in
530 3491 640 3545 addidit
662 3489 779 3546 Ursinus
796 3497 806 3560 n
827 3496 861 3545 24
879 3491 908 3544 in
928 3491 1037 3547 seclusit
1054 3492 1131 3548 Here

111 3577 245 3631 neuneu&
263 3579 302 3616 cre
320 3562 384 3617 latet
402 3567 434 3615 th
454 3588 487 3606 =
506 3560 631 3615 tamen?
