2430 3938
121 210 186 266 XIV
430 209 599 265 EDITORIS
617 209 832 269 PRAEFATIO.

22 399 26 407 ·
122 359 279 441 quantum
307 357 360 421 uel
389 356 435 421 sic
463 356 622 444 profuerit
644 354 734 419 Felix
762 357 844 420 bene
873 377 997 421 memor
1024 355 1073 421 ita
1095 357 1135 422 de

122 467 160 510 eo
183 444 340 509 iudicauit
364 445 409 528 [V
427 447 458 525 1]
482 445 576 509 tuias
604 445 678 509 liber
776 446 926 528 declarat,
952 465 1048 526 quam
1071 447 1136 511 ido

120 555 196 599 aeas
217 536 359 598 ncrc‘lads
380 535 519 598 adsertor
540 553 602 598 assa
622 534 784 618 potatasel,
811 535 842 598 si
866 554 898 598 sc
920 539 1016 598 tolum
1038 536 1082 598 ad
1102 535 1138 600 id

122 625 259 688 studium
290 623 473 688 contulisset.
515 645 610 707 quam
639 622 768 687 laudem
797 623 865 686 siue
894 623 1134 687 excusationem

121 733 141 776 a
159 711 302 776 Minucio
322 712 441 795 quippe
463 711 562 776 studii
585 710 672 775 illius
691 712 773 776 bene
794 717 943 795 compote
963 711 1134 775 defenden-

26 853 31 860 .
121 800 196 864 dam
218 801 411 883 putauerim.

603 945 649 1017 II.

189 1065 342 1130 Octauius
358 1065 515 1149 dialogus,
535 1086 611 1129 casu
629 1068 785 1145 seruatus⁷
805 1064 845 1129 ad
860 1064 1000 1128 medium
1016 1087 1131 1130 aeuum

119 1155 270 1238 peruenit
310 1155 343 1217 in
380 1154 544 1218 uolumine
582 1155 720 1237 quodam
761 1153 933 1217 admodum
971 1162 1134 1238 corrupto,

121 1244 240 1327 quippe
273 1243 358 1327 quod
391 1265 457 1307 non
490 1242 595 1306 solum
624 1264 643 1305 a
671 1242 805 1306 librario
832 1263 989 1327 perquam
1023 1244 1131 1327 negle-

120 1337 235 1416 genter
258 1334 424 1396 exaratum
449 1329 563 1416 (testes
587 1352 634 1394 ex.
658 1351 706 1414 gr.
726 1333 899 1395 uerborum
923 1332 1133 1396 traiectiones

119 1420 223 1484 multo
243 1442 341 1505 quam
359 1421 459 1504 uulgo
479 1420 613 1483 credunt
636 1417 837 1503 crebriores),
861 1420 915 1483 sed
936 1421 1035 1483 etiam
1059 1442 1132 1503 pos-

120 1510 255 1574 sessoris
283 1509 333 1574 sui
356 1511 463 1574 uarias
492 1509 724 1572 inmutationes
749 1514 782 1572 et
804 1508 1024 1573 additamenta
1047 1515 1133 1573 esset

119 1619 260 1682 passum.
301 1620 406 1682 neque
434 1596 574 1662 cessauit
605 1596 670 1661 ista
701 1598 892 1679 deprauatio
920 1598 1000 1680 ipsis
1033 1597 1133 1661 medii

120 1687 192 1751 aeui
215 1688 425 1771 temporibus,
449 1686 565 1771 quibus
588 1686 650 1750 hoc
674 1686 864 1769 opusculum
885 1687 1030 1750 Arnobio
1049 1691 1132 1750 tam-

119 1798 216 1858 quam
249 1775 333 1839 liber
365 1781 499 1840 octauus
531 1774 692 1858 adhaesit3
726 1796 745 1838 a
772 1796 836 1858 qua
864 1776 1020 1839 societate
1052 1776 1132 1839 illud

117 1865 270 1927 liberauit
284 1885 425 1946 ueroque
441 1864 563 1926 auctori
583 1863 721 1926 reddidit
734 1863 928 1927 Franciscus
945 1863 1134 1929 Balduinua

119 1952 218 2016 codex
238 1956 345 2015 autem
362 1952 528 2015 Parisinus
544 1952 629 2016 1661
646 1973 727 2016 saec.
742 1951 788 2014 IX
803 1951 871 2036 (Ρ),
890 1952 928 2015 de
943 1974 1006 2035 quo
1021 1953 1131 2016 uiden·

119 2041 177 2104 dus
202 2044 253 2104 est
275 2040 527 2125 diligentissima
549 2041 712 2105 enarratio
737 2040 992 2104 Reifferscheidii
1016 2039 1132 2124 (praef.

119 2129 255 2194 Arnobii
278 2151 308 2212 p.
324 2129 404 2193 VIII
428 2125 512 2215 sqq.)
541 2132 656 2193 unicus
684 2134 791 2192 textus
816 2129 1034 2192 constituendi
1057 2130 1132 2194 fons

119 2221 185 2300 est3
217 2240 294 2282 nam
328 2222 361 2281 et
393 2219 477 2282 liber
509 2218 640 2301 quidam
672 2216 896 2281 Bruxeliensis
928 2222 961 2281 ct
993 2220 1132 2282 Arnobii

119 2306 218 2371 editio
236 2307 388 2390 prinecps
403 2306 551 2370 Romana
569 2329 596 2371 a.
614 2305 738 2391 1543*)
752 2307 825 2369 inde
844 2306 1014 2370 fluxerunt
1041 2309 1131 2371 euius

118 2396 237 2461 codicis
262 2419 281 2460 a
304 2397 411 2480 prima
434 2418 532 2459 manu
551 2417 729 2479 numquam
747 2395 782 2459 in
800 2395 881 2459 Iocis
900 2397 1061 2479 corruptis
1081 2399 1134 2460 est

117 2484 343 2549 recedendum:
365 2507 428 2569 quo
447 2506 549 2569 usque
568 2506 684 2548 manus
704 2484 844 2548 secunda
863 2485 1037 2548 correctrix
1049 2506 1130 2566 pro-

118 2574 251 2637 cesserit
277 2574 517 2656 interpolando,
545 2595 610 2637 nou
635 2578 725 2636 extat
752 2573 924 2636 inlustrius
948 2574 1130 2656 exemplum

118 2684 213 2745 quam
244 2685 269 2726 o.
289 2663 341 2742 28,
362 2664 390 2726 7,
432 2663 706 2726 accuratissimam
731 2664 839 2724 autem
863 2662 949 2725 illius
973 2662 1131 2726 conlatio·
1156 2721 1159 2726 .

116 2771 191 2814 nem
211 2773 283 2815 cum
308 2752 505 2814 instituisset
524 2752 562 2815 A.
581 2749 823 2832 Laubmannus,
846 2747 880 2815 (l.
900 2749 1050 2814 Halmius
1073 2751 1131 2814 illa

117 2861 194 2903 usus
232 2840 372 2923 primum
410 2841 457 2903 ita
492 2839 656 2902 recensuit
690 2837 868 2902 Minucium
902 2837 1131 2914 (Vindobonae

119 2923 236 3013 1867),
263 2934 300 2992 ut
323 2933 446 2992 certum
470 2949 533 3010 quo
557 2927 739 2991 emendatio
762 2927 859 2990 inniti
882 2932 995 3010 posset
1017 2928 1130 2991 funda·

116 3023 262 3080 mentum
296 3017 515 3098 exhiberetur3
547 3016 695 3100 idemque
729 3022 762 3079 et
792 3017 936 3099 priorum
970 3017 1128 3081 editorum

118 3106 366 3190 criticorumque
391 3108 575 3170 commenta
598 3105 739 3187 plurima
759 3105 890 3189 collegit
909 3109 942 3169 et
964 3106 1033 3188 ipse
1052 3127 1130 3169 non-

116 3194 207 3258 nulla
239 3195 320 3259 uitia
352 3195 433 3259 bene
467 3195 613 3259 correxit.
659 3194 725 3257 iam
759 3195 900 3258 inmanis
938 3195 1129 3258 mendorum

187 3351 214 3416 *)
239 3350 337 3404 notaui
360 3352 399 3406 ed.
424 3369 484 3421 pa,
514 3353 663 3405 attamen
686 3367 742 3404 nou
766 3368 862 3405 omnes
884 3350 1020 3405 lectiones
1044 3351 1131 3405 falsas

116 3422 275 3490 nulliusque
295 3422 379 3491 pretii
397 3423 463 3477 inde
482 3425 632 3476 enotarem.
666 3421 715 3476 ubi
733 3421 900 3477 lectionibus
919 3421 1039 3475 Parisini
1058 3422 1129 3475 nihil

116 3494 165 3618 {sq
186 3493 340 3576 adiectum,
369 3495 535 3549 aRomana
562 3492 716 3563 scripturas
743 3494 773 3548 in
799 3496 907 3548 textum
930 3494 1058 3563 receptas
1081 3510 1129 3548 ex·

136 3583 145 3618 1
167 3581 207 3619 en
226 3580 304 3620 seras.
