2430 3938
466 187 649 245 OCTAVIUS
669 206 692 245 c.
709 195 823 246 30-32.
1110 192 1155 255 49

136 357 267 402 necesse
292 338 342 401 est
369 357 429 399 uos
456 336 489 399 in
519 356 648 400 sorores
676 335 852 414 incurrere,
885 336 920 399 iu
950 336 1036 401 filias
1070 337 1154 402 iner-

136 447 217 490 rare.
251 425 296 489 sio
314 424 432 490 incesti
450 423 598 488 fabulam
615 423 755 506 nectitis,
775 423 873 489 etiam
893 446 966 489 cum
986 425 1153 491 conscien-

136 515 218 579 tiam
249 535 316 578 non
345 512 483 577 habetis.
530 516 565 576 at
593 518 653 576 nos
681 512 838 597 pudorem
869 534 936 577 non
969 513 1063 597 facie,
1096 513 1188 579 sedo

136 604 245 666 mente
268 605 489 685 praestamus:
513 600 610 665 unius
634 600 835 665 matrimonii
857 602 987 667 uinculo
1011 602 1152 668 libenter

107 691 342 755 §inhaeremus
349 741 357 774 ,
390 688 567 773 cupiditate
599 689 790 773 procreandi
820 693 877 754 aut
903 712 1003 754 unam
1031 691 1150 756 scimus
1177 747 1180 750 ,

136 784 194 844 aut
215 780 350 844 nullam.
381 777 530 843 conuiuia
552 799 619 842 non
642 781 771 842 tantum
794 778 912 861 pudica
935 779 1070 845 colimus
1095 780 1151 845 sod

136 872 169 932 et
191 867 314 951 sobria3
336 888 396 932 neo
415 866 503 930 enim
526 865 732 951 indulgemus
756 866 861 950 epulis
886 871 943 933 aut
965 868 1149 934 conuiuium

135 976 225 1021 mero
249 955 409 1038 ducimus,
436 955 493 1020 scd
521 955 684 1040 grauitate
706 955 909 1020 hilaritatem
931 960 1151 1042 temperamus

136 1047 227 1108 casto
263 1065 424 1127 sermone,
460 1064 595 1128 corpore
629 1044 782 1127 castiore,
820 1043 967 1129 plerique
999 1047 1153 1112 inuiolati

93 1151 121 1190 1⁰
135 1134 280 1216 corporis
315 1132 504 1217 uirginitate
539 1136 695 1215 perpetua
726 1132 880 1197 fruuntur
910 1134 1020 1216 potius
1054 1157 1151 1220 quam

135 1222 332 1306 gloriantem
365 1224 493 1286 tautum
521 1220 659 1305 denique
688 1222 781 1285 abest
807 1220 924 1286 incesti
952 1223 1084 1309 cupido,
1113 1230 1152 1289 ut

133 1311 300 1375 nonnullis
328 1310 441 1375 rubori
465 1310 508 1374 sit
532 1309 631 1374 etiam
653 1308 771 1394 pudica
793 1310 986 1377 coniunctio.
1027 1334 1087 1378 nec
1110 1312 1186 1377 deo

133 1399 250 1463 ultima
273 1399 384 1464 statim
407 1399 502 1482 plebe
522 1398 740 1478 consistimus,
764 1399 792 1463 si
812 1397 953 1464 honores
973 1404 1100 1466 uestros
1119 1405 1152 1466 et

133 1508 292 1571 purpuras
324 1508 528 1569 recusamus3
564 1508 624 1551 nec
656 1486 787 1552 factiosi
819 1508 944 1572 sumus,
978 1488 1006 1552 si
1039 1510 1150 1554 omnes

94 1590 121 1631 15
134 1596 237 1637 unum
264 1575 385 1639 bonum
420 1576 564 1659 sapimus
593 1574 704 1638 eadem
732 1576 924 1660 cougregati
951 1577 1058 1660 quiete
1087 1601 1151 1663 qua

135 1662 273 1747 singuli,
295 1684 356 1727 nec
378 1663 413 1727 in
437 1662 568 1748 angulis
592 1663 729 1748 garruli,
754 1663 783 1727 si
806 1662 916 1728 audire
938 1686 999 1729 nos
1022 1666 1150 1749 publice

134 1755 192 1815 aut
221 1751 410 1816 erubescitis
443 1755 501 1817 aut
528 1751 661 1816 timetis.
706 1755 740 1815 et
767 1751 852 1835 quod
879 1751 914 1816 in
941 1752 1009 1818 dies
1036 1757 1186 1820 noster?

133 1860 288 1904 numerus
316 1842 468 1925 augetur,
496 1861 564 1905 non
591 1843 642 1904 est
670 1840 792 1904 crimen
820 1841 950 1925 erroris,
978 1842 1034 1906 sed
1058 1845 1150 1909 testi-

133 1929 280 1993 mouium
315 1929 441 2014 laudis,
475 1950 553 1994 nam
588 1929 623 1993 in
657 1929 770 2012 pulcro
804 1949 920 2014 genere
953 1931 1098 2013 uiuendi,
1117 1938 1150 1998 et

92 2032 120 2070 20
133 2019 315 2097 praestanti
339 2021 372 2083 et
393 2020 583 2103 perseuerat
606 2039 683 2083 suus
703 2021 736 2082 et
760 2017 916 2083 adcrescit
935 2020 1069 2086 alienus.
1102 2023 1148 2087 sio
1167 2038 1184 2087 8

131 2125 191 2167 nos
221 2104 357 2190 denique
384 2128 451 2172 non
483 2107 636 2172 notaculo
665 2107 826 2192 corporis,
856 2111 894 2172 ut
920 2110 1057 2194 putatis,
1091 2110 1147 2175 sed

131 2191 336 2258 innocentiae
359 2217 397 2259 ao
421 2194 601 2260 modestiae
624 2195 719 2280 siguo
742 2195 837 2260 facile
861 2195 1071 2281 dinoscimus;
1100 2199 1147 2264 sic

130 2298 188 2345 uos
215 2285 341 2363 mutuo,
370 2282 456 2366 quod
481 2282 612 2361 doletis,
645 2303 753 2347 amore
782 2283 962 2368 diligimus,
992 2285 1145 2369 quoniam

132 2368 239 2434 odisse
266 2392 334 2435 non
360 2371 526 2453 nouimus;
555 2370 601 2434 sic
622 2391 697 2452 nos,
725 2369 811 2455 quod
834 2370 1000 2457 inuidetis,
1028 2373 1145 2440 fratres

90 2473 115 2514 25
131 2479 285 2524 uocamus
309 2463 346 2524 ut
368 2459 464 2524 unius
488 2457 539 2523 dei
560 2458 705 2542 parentis
729 2458 890 2542 homines,
913 2464 951 2526 ut
974 2466 1141 2530 consortes

130 2546 218 2631 fidei,
244 2552 281 2613 ut
309 2549 379 2632 spei
405 2546 587 2613 coheredes.
632 2569 691 2612 uos
719 2547 805 2612 enim
832 2570 891 2614 nec
918 2549 1059 2617 inuicem
1089 2552 1143 2617 ad-

130 2637 287 2718 gnoscitis
315 2641 349 2701 et
375 2638 411 2702 in
438 2641 552 2702 mutua
580 2636 655 2702 odia
682 2636 829 2720 saeuitis,
857 2660 916 2703 neo
939 2640 1057 2705 fratres
1082 2664 1142 2706 uos

129 2723 195 2787 nisi
218 2747 296 2790 saue
321 2727 359 2793 ad
384 2724 592 2811 parricidium
611 2726 852 2811 recognoscitis.
889 2729 1012 2811 putatis
1032 2728 1193 2796 autem32

201 2903 214 2949 1
236 2914 286 2952 uos
305 2898 335 2953 in
354 2917 461 2955 sorores
480 2900 592 2967 scripsi:
610 2899 638 2954 in
658 2903 801 2955 uestros?
818 2902 822 2966 Ι
838 2900 977 2955 incurrere
995 2902 1143 2960 Pricaeus:

127 2984 269 3022 recurrere
287 2974 308 3021 1²
329 2970 333 3036 1
359 2971 431 3024 filius
452 2970 628 3026 Perizonius:
646 2971 720 3025 filios
737 2977 768 3039 1²;
792 2971 978 3027 Heumauuus
996 2975 1036 3028 sic
1055 2976 1143 3030 locum

127 3040 223 3093 scribit
241 3056 291 3094 uos
309 3043 416 3094 uestras
435 3041 576 3095 incurrere
590 3041 716 3110 infilius,
735 3043 764 3096 in
779 3060 887 3097 sorores
900 3045 910 3114 l
925 3049 940 3098 5
956 3043 1141 3113 cupiditatem

127 3109 270 3166 Heroides
287 3112 357 3166 maie
372 3113 376 3179 1
392 3111 507 3179 foetasse
524 3112 580 3166 und
598 3113 738 3167 noscimus
752 3115 762 3183 ΙΙ
776 3119 792 3167 6
806 3115 901 3169 malim
913 3114 972 3169 iam
986 3115 1117 3171 conuiuia
1132 3117 1141 3188 ll

128 3184 142 3232 7
167 3181 275 3251 aepulis
294 3187 313 3235 P
336 3183 346 3252 ll
369 3188 384 3236 9
405 3183 520 3248 sortasse
539 3183 664 3251 plerique
683 3184 769 3239 immo
788 3183 920 3241 inuiolati
943 3187 953 3255 ΙΙ
976 3192 1011 3240 14
1029 3187 1141 3243 factiosi

128 3248 281 3308 Heruldus:
295 3252 467 3308 fastidiosi?
481 3254 538 3322 1117
552 3255 648 3309 noster
658 3257 851 3312 Heumauuus:
864 3256 983 3312 nostril’
993 3257 1002 3330 {l
1012 3265 1046 3313 20
1060 3276 1140 3328 prac-

127 3319 343 3397 stantizscripsi:
362 3326 488 3393 praestat
506 3330 526 3377 1’
545 3327 654 3394 perstat
674 3324 803 3382 Gelenius
821 3328 891 3384 mule
910 3330 919 3399 ΙΙ
942 3334 975 3382 21
995 3330 1139 3400 notaculo]

126 3393 197 3448 nota
212 3396 324 3449 occulta
346 3395 463 3451 Ursinus
485 3397 495 3465 l
517 3401 551 3450 23
570 3413 620 3450 nos
638 3398 749 3452 addidit
767 3398 900 3454 Halmius
921 3402 931 3468 {l
954 3404 988 3453 25
1008 3399 1054 3455 dei
1072 3401 1140 3455 delet

125 3460 310 3521 Heumaumus
335 3469 339 3536 l
365 3467 492 3521 homines
511 3472 686 3536 coemptum,-
705 3483 800 3524 omnes
822 3469 963 3539 Ocllarius,
983 3472 1078 3525 uzalim
1096 3487 1139 3525 so·

125 3531 203 3586 boles
222 3535 231 3603 ss
249 3541 293 3603 26,
312 3543 345 3592 27
366 3537 518 3607 agnoscitis
537 3543 557 3590 1³
575 3555 609 3593 m.
628 3544 657 3596 2.

177 3632 299 3674 Minucius
315 3636 405 3687 Fanrx,
419 3637 453 3677 ed.
468 3637 622 3678 Baehrens.
960 3634 977 3682 4
