2430 3938
119 191 145 245 X
425 188 595 243 EDITORIS
615 187 828 243 PRAEFATIO.

118 335 210 399 illam
230 334 268 399 de
283 332 415 399 Christo
435 337 467 398 et
486 333 698 418 christologia
712 333 948 417 expositionem
962 337 1020 397 aut
1032 333 1132 398 inter-

118 423 234 489 cidisse
267 419 338 509 (ubi
370 423 399 486 ei
431 423 521 488 locus
549 423 646 486 fuerit
674 422 710 486 in
737 426 806 486 tam
834 425 947 502 aperta
975 422 1133 488 materiae

68 553 69 556 =
119 513 332 596 dispositione
356 511 492 576 indicari
515 510 640 595 nequit)
666 513 722 575 aut
745 510 939 593 pertinuisse
962 511 1069 595 adea,
1092 512 1132 576 de

118 601 236 685 quibus
266 602 407 664 crastino
436 600 486 663 die
511 600 686 665 seeundum
710 621 735 664 o.
760 599 802 665 39
827 596 988 663 Caecilius
1012 603 1062 664 est
1084 599 1132 664 in·

119 688 302 754 stituendus
331 687 406 775 (par
433 694 482 753 cst
510 689 596 752 enim
625 689 658 753 id
687 687 897 752 fundamento
926 692 1023 752 antea
1045 689 1130 754 iacto

117 778 212 859 fieri).
249 778 351 863 igitur
374 778 429 841 alii
455 778 567 843 dicunt
591 775 645 855 (cf.
664 776 863 841 Dombartus
882 777 1041 841 uersionis
1060 798 1132 862 ger-

118 866 264 931 manicae
299 890 328 950 p.
357 864 439 931 VIII
457 868 554 950 sqq.)‚
590 865 768 930 Minucium
801 870 889 930 certo
923 866 1059 931 consilio
1092 867 1132 932 de

119 953 243 1021 Christi
266 976 405 1038 persona
429 955 608 1039 ceterisque
631 955 727 1019 rebus
751 953 959 1019 interioribus
979 955 1132 1040 tacuisse,

118 1042 234 1108 harum
258 1044 485 1126 quaestionum
508 1044 661 1108 tractatio
685 1065 758 1107 cum
778 1042 863 1127 apud
882 1043 1020 1127 gentiles
1039 1043 1131 1129 igna-

117 1153 172 1197 ros
196 1136 326 1196 noceret
350 1132 454 1216 magis
479 1155 576 1217 quam
604 1132 780 1217 prodesset.
829 1132 877 1195 ite
904 1132 959 1215 qui
987 1134 1132 1197 sentiunt

119 1220 363 1305 obliuiscuntur,
383 1224 541 1304 quantum
556 1219 736 1285 intercedat
750 1220 922 1284 discrimen
938 1221 1022 1285 inter
1036 1242 1131 1304 quae·

118 1310 239 1374 stiones
258 1313 295 1374 ut
309 1311 357 1373 ita
371 1309 476 1374 dicam
490 1310 691 1393 theologicas
706 1310 747 1374 ab
762 1309 900 1374 ethnicis
916 1330 993 1374 sane
1008 1309 1129 1375 alienas

118 1402 151 1462 et
174 1398 354 1481 simplicem
378 1420 490 1462 eorum
510 1421 591 1482 quae
610 1420 687 1462 uera
706 1398 867 1462 habentur
886 1397 1130 1464 confessionem.

118 1487 215 1553 uelim
239 1488 325 1551 enim
349 1487 441 1570 scire,
464 1487 536 1571 quis
559 1510 712 1571 umquam
736 1487 910 1572 apologeta
928 1487 974 1552 ita
992 1488 1131 1552 tacuerit

118 1580 155 1639 ut
173 1574 339 1640 Christum
362 1576 557 1640 saluatorem
580 1576 687 1640 uerbis
713 1576 834 1658 apertis
859 1575 1042 1658 praedicare
1061 1597 1130 1640 cae·

117 1665 338 1749 rimoniasque
358 1686 430 1728 oum
450 1665 605 1749 religione
621 1664 807 1731 Christiana
821 1664 1029 1730 cohaerentes
1045 1686 1129 1730 sum·

117 1754 232 1819 matim
257 1775 507 1819 commemorare
531 1757 702 1819 uereretur.
739 1776 817 1818 nam
836 1753 922 1839 quod
940 1751 1130 1820 Lactantius

119 1842 164 1921 [V
185 1842 220 1921 4]
244 1841 380 1906 Minucii
403 1843 522 1907 librum
545 1842 685 1906 fortasse
709 1843 884 1926 respiciens
908 1842 987 1905 dicit
1010 1842 1048 1906 de
1068 1840 1128 1925 Cy-

117 1929 224 2013 priani
246 1930 457 1996 Demetriano
479 1931 550 1996 huic
572 1931 733 2013 oportebat,
756 1934 831 2012 quie
853 1931 1133 2012 nondumpotest

117 2039 223 2100 cupere
249 2020 374 2102 diuino,
398 2021 492 2101 prius
518 2020 657 2085 boemano
685 2021 859 2087 testimonia
882 2019 1003 2101 offerri,
1031 2021 1132 2086 idest

110 2107 364 2190 pbilosophorum
387 2114 416 2172 et
436 2109 665 2188 bistmbcorum,
686 2114 722 2174 ut
744 2111 810 2175 suis
828 2109 1025 2190 betasimum
1047 2110 1130 2189 refu-

117 2201 235 2261 taretur
261 2197 448 2281 dololoribus,
481 2197 514 2261 id
542 2220 618 2263 uero
648 2220 759 2263 omnes
788 2198 978 2282 apologetae
1006 2199 1130 2281 priores

116 2285 165 2351 ita
196 2286 299 2350 secuti
329 2289 406 2350 sunt
435 2290 470 2350 ut
497 2288 650 2352 nimirum
679 2311 698 2351 a
725 2286 949 2352 reconditioris
977 2287 1130 2370 cuiusque

117 2375 273 2439 materiae
292 2374 512 2457 disputatione
532 2376 742 2459 abstinerent,
763 2375 819 2439 sed
834 2376 955 2440 frustra
968 2375 1054 2440 inter
1068 2375 1127 2441 hos

117 2485 250 2548 quaeres
279 2464 333 2546 qui
362 2486 400 2528 ea
428 2486 510 2547 quae
538 2466 639 2529 libere
666 2486 744 2552 prae
768 2486 802 2528 se
825 2464 909 2528 ferre
933 2467 965 2528 et
989 2464 1129 2549 ingenue

116 2552 262 2636 profiteri
295 2552 426 2617 deberet
460 2554 582 2619 silendo
616 2553 880 2618 dissimulauerit.
925 2553 988 2617 alii
1020 2557 1130 2618 autern

116 2639 170 2724 (cf.
199 2640 259 2704 Th.
286 2640 432 2704 Keimius
465 2642 540 2706 libri
569 2640 666 2707 ‘Rom
693 2641 758 2705 und
788 2641 845 2705 das
873 2639 1129 2707 Christenthum'

115 2751 147 2813 p.
176 2725 257 2814 472)
290 2728 480 2812 Minucium,
517 2753 589 2796 cum
623 2730 794 2796 Octauium
827 2730 994 2815 scriberet,
1027 2732 1128 2795 sacris

116 2817 304 2883 christianis
327 2841 440 2883 recens
463 2819 563 2884 fuisse
585 2819 737 2884 inbutum
760 2823 981 2902 sumpserunt,
1009 2823 1046 2883 ut
1069 2820 1129 2885 sci-

115 2905 192 2970 licet
218 2905 311 2970 illum
338 2908 526 2991 ignorantia
553 2930 663 2973 eorum
692 2930 775 2992 quac
799 2907 1033 2972 christianismi
1056 2930 1130 2991 pro-

115 2995 188 3081 pria
211 2999 287 3059 sunt
309 2996 513 3061 laborantem
536 3018 595 3080 pro
616 3019 673 3063 suo
693 3001 790 3081 captu
809 3019 928 3062 nouam
947 2997 1129 3062 doctrinam

116 3083 297 3148 defendisse
330 3087 517 3150 statuerent
568 3086 621 3150 his
654 3087 883 3172 opponendum
916 3090 981 3170 est,
1017 3086 1130 3169 paucis

115 3174 232 3238 saltem
252 3173 346 3236 annis
366 3177 540 3259 antequam
555 3173 710 3242 Octauius
729 3175 869 3240 Romam
887 3176 1015 3238 ueniret
1034 3174 1073 3259 (c.
1092 3171 1129 3260 2)

115 3260 294 3327 Minucium
322 3261 389 3326 iam
417 3285 456 3326 ex
483 3285 627 3329 errorum
650 3264 793 3328 tenebris
816 3265 851 3328 in
873 3264 978 3328 lucem
1002 3263 1129 3346 sapien-

115 3351 179 3415 tiae
204 3355 237 3415 et
260 3351 616 3435 ueritatisemersisse,
639 3376 736 3437 porro
759 3353 870 3436 paucis
894 3353 1010 3416 saltem
1035 3351 1128 3416 annis

114 3444 190 3523 post
210 3440 463 3523 disputationem
483 3440 676 3525 Ostiensem,
699 3440 836 3506 Octauio
855 3462 971 3525 nempe
989 3444 1130 3524 mortue,

114 3528 201 3594 huno
230 3529 397 3616 dialogum
425 3551 495 3594 esse
523 3530 687 3614 scriptum.
734 3532 767 3593 et
794 3551 866 3595 cum
895 3529 1017 3595 maiore
1041 3530 1129 3614 quod
