<?xml version="1.0" encoding="UTF-8"?>
<!DOCTYPE html PUBLIC "-//W3C//DTD XHTML 1.0 Transitional//EN"
    "http://www.w3.org/TR/xhtml1/DTD/xhtml1-transitional.dtd">
<html xmlns="http://www.w3.org/1999/xhtml" xml:lang="en" lang="en">
 <head>
  <title>
</title>
<meta http-equiv="Content-Type" content="text/html;charset=utf-8" />
  <meta name='ocr-system' content='tesseract 3.04.00' />
  <meta name='ocr-capabilities' content='ocr_page ocr_carea ocr_par ocr_line ocrx_word'/>
</head>
<body>
  <div class='ocr_page' id='page_1' title='image "./mminuciifelicis00baehgoog/mminuciifelicis00baehgoog_0018.png"; bbox 0 0 2430 3938; ppageno 0'>
   <div class='ocr_carea' id='block_1_1' title="bbox 416 209 1129 269">
    <p class='ocr_par' dir='ltr' id='par_1_1' title="bbox 416 209 1129 269">
     <span class='ocr_line' id='line_1_1' title="bbox 416 209 1129 269; baseline -0.004 -2"><span class='ocrx_word' id='word_1_1' title='bbox 416 211 587 269; x_wconf 81' lang='lat' dir='ltr'>EDITORIS</span> <span class='ocrx_word' id='word_1_2' title='bbox 605 209 820 268; x_wconf 79' lang='lat' dir='ltr'><strong>PRAEFATIO.</strong></span> <span class='ocrx_word' id='word_1_3' title='bbox 1062 211 1129 267; x_wconf 88' lang='lat' dir='ltr'>XIII</span> 
     </span>
    </p>
   </div>
   <div class='ocr_carea' id='block_1_2' title="bbox 111 357 1130 711">
    <p class='ocr_par' dir='ltr' id='par_1_2' title="bbox 111 357 1130 711">
     <span class='ocr_line' id='line_1_2' title="bbox 114 357 1129 442; baseline 0.002 -21"><span class='ocrx_word' id='word_1_4' title='bbox 114 358 304 442; x_wconf 87' lang='lat' dir='ltr'>disciplinae</span> <span class='ocrx_word' id='word_1_5' title='bbox 328 357 416 423; x_wconf 90' lang='lat' dir='ltr'>illius</span> <span class='ocrx_word' id='word_1_6' title='bbox 439 357 571 441; x_wconf 90' lang='lat' dir='ltr'>placita.</span> <span class='ocrx_word' id='word_1_7' title='bbox 609 379 691 441; x_wconf 90' lang='lat' dir='ltr'>quae</span> <span class='ocrx_word' id='word_1_8' title='bbox 714 379 787 423; x_wconf 88' lang='lat' dir='ltr'>cum</span> <span class='ocrx_word' id='word_1_9' title='bbox 810 357 938 423; x_wconf 88' lang='lat' dir='ltr'>uideret</span> <span class='ocrx_word' id='word_1_10' title='bbox 960 357 995 421; x_wconf 93' lang='lat' dir='ltr'>in</span> <span class='ocrx_word' id='word_1_11' title='bbox 1013 357 1129 423; x_wconf 90' lang='lat' dir='ltr'>ultima</span> 
     </span>
     <span class='ocr_line' id='line_1_3' title="bbox 112 446 1130 532; baseline 0 -21"><span class='ocrx_word' id='word_1_12' title='bbox 112 447 239 532; x_wconf 85' lang='lat' dir='ltr'>origine</span> <span class='ocrx_word' id='word_1_13' title='bbox 262 468 301 510; x_wconf 84' lang='lat' dir='ltr'>ex</span> <span class='ocrx_word' id='word_1_14' title='bbox 323 446 533 530; x_wconf 79' lang='lat' dir='ltr'><strong>philosophia</strong></span> <span class='ocrx_word' id='word_1_15' title='bbox 551 466 668 530; x_wconf 88' lang='lat' dir='ltr'>graeca</span> <span class='ocrx_word' id='word_1_16' title='bbox 686 449 854 531; x_wconf 76' lang='lat' dir='ltr'><strong>tamquam</strong></span> <span class='ocrx_word' id='word_1_17' title='bbox 873 446 1021 512; x_wconf 85' lang='lat' dir='ltr'>extante</span> <span class='ocrx_word' id='word_1_18' title='bbox 1039 468 1130 530; x_wconf 92' lang='lat' dir='ltr'>prae·</span> 
     </span>
     <span class='ocr_line' id='line_1_4' title="bbox 111 535 1129 621; baseline -0.002 -20"><span class='ocrx_word' id='word_1_19' title='bbox 111 537 207 620; x_wconf 92' lang='lat' dir='ltr'>cipuo</span> <span class='ocrx_word' id='word_1_20' title='bbox 240 536 287 600; x_wconf 88' lang='lat' dir='ltr'>ita</span> <span class='ocrx_word' id='word_1_21' title='bbox 321 535 514 621; x_wconf 86' lang='lat' dir='ltr'>profluxisse</span> <span class='ocrx_word' id='word_1_22' title='bbox 546 539 598 618; x_wconf 90' lang='lat' dir='ltr'>ut,</span> <span class='ocrx_word' id='word_1_23' title='bbox 634 557 715 619; x_wconf 89' lang='lat' dir='ltr'>quae</span> <span class='ocrx_word' id='word_1_24' title='bbox 753 535 949 619; x_wconf 89' lang='lat' dir='ltr'>sapientium</span> <span class='ocrx_word' id='word_1_25' title='bbox 982 537 1129 612; x_wconf 78' lang='lat' dir='ltr'>ueterum</span> 
     </span>
     <span class='ocr_line' id='line_1_5' title="bbox 113 621 1128 711; baseline -0.003 -21"><span class='ocrx_word' id='word_1_26' title='bbox 113 625 245 690; x_wconf 89' lang='lat' dir='ltr'>scholae</span> <span class='ocrx_word' id='word_1_27' title='bbox 269 622 454 711; x_wconf 88' lang='lat' dir='ltr'>(Platonica</span> <span class='ocrx_word' id='word_1_28' title='bbox 481 623 621 689; x_wconf 85' lang='lat' dir='ltr'>maxime</span> <span class='ocrx_word' id='word_1_29' title='bbox 648 627 682 688; x_wconf 89' lang='lat' dir='ltr'>et</span> <span class='ocrx_word' id='word_1_30' title='bbox 705 621 828 709; x_wconf 83' lang='lat' dir='ltr'>Stoica)</span> <span class='ocrx_word' id='word_1_31' title='bbox 857 623 1035 689; x_wconf 87' lang='lat' dir='ltr'>disserendi</span> <span class='ocrx_word' id='word_1_32' title='bbox 1059 626 1128 688; x_wconf 87' lang='lat' dir='ltr'>arte</span> 
     </span>
    </p>
   </div>
   <div class='ocr_carea' id='block_1_3' title="bbox 108 712 1144 3371">
    <p class='ocr_par' dir='ltr' id='par_1_3' title="bbox 108 712 1144 3371">
     <span class='ocr_line' id='line_1_6' title="bbox 113 712 1129 796; baseline 0.001 -20"><span class='ocrx_word' id='word_1_33' title='bbox 113 713 247 777; x_wconf 85' lang='lat' dir='ltr'>sibimet</span> <span class='ocrx_word' id='word_1_34' title='bbox 269 714 477 796; x_wconf 88' lang='lat' dir='ltr'>inuenerant,</span> <span class='ocrx_word' id='word_1_35' title='bbox 500 734 538 776; x_wconf 92' lang='lat' dir='ltr'>ea</span> <span class='ocrx_word' id='word_1_36' title='bbox 561 712 626 776; x_wconf 90' lang='lat' dir='ltr'>iam</span> <span class='ocrx_word' id='word_1_37' title='bbox 649 733 735 777; x_wconf 94' lang='lat' dir='ltr'>nouo</span> <span class='ocrx_word' id='word_1_38' title='bbox 760 712 855 777; x_wconf 91' lang='lat' dir='ltr'>modo</span> <span class='ocrx_word' id='word_1_39' title='bbox 879 713 1020 778; x_wconf 87' lang='lat' dir='ltr'>conflata</span> <span class='ocrx_word' id='word_1_40' title='bbox 1044 713 1129 777; x_wconf 86' lang='lat' dir='ltr'>sclu-</span> 
     </span>
     <span class='ocr_line' id='line_1_7' title="bbox 111 799 1129 885; baseline -0.001 -19"><span class='ocrx_word' id='word_1_41' title='bbox 111 802 253 866; x_wconf 88' lang='lat' dir='ltr'>berrimo</span> <span class='ocrx_word' id='word_1_42' title='bbox 277 803 430 866; x_wconf 85' lang='lat' dir='ltr'>instituto</span> <span class='ocrx_word' id='word_1_43' title='bbox 455 799 495 865; x_wconf 93' lang='lat' dir='ltr'>ad</span> <span class='ocrx_word' id='word_1_44' title='bbox 518 822 722 865; x_wconf 88' lang='lat' dir='ltr'>communem</span> <span class='ocrx_word' id='word_1_45' title='bbox 745 801 833 865; x_wconf 91' lang='lat' dir='ltr'>uitae</span> <span class='ocrx_word' id='word_1_46' title='bbox 860 799 995 885; x_wconf 79' lang='lat' dir='ltr'>usum*)</span> <span class='ocrx_word' id='word_1_47' title='bbox 1023 805 1129 866; x_wconf 88' lang='lat' dir='ltr'>trans-</span> 
     </span>
     <span class='ocr_line' id='line_1_8' title="bbox 111 888 1130 974; baseline -0.001 -20"><span class='ocrx_word' id='word_1_48' title='bbox 111 890 180 954; x_wconf 91' lang='lat' dir='ltr'>lata</span> <span class='ocrx_word' id='word_1_49' title='bbox 203 894 312 955; x_wconf 88' lang='lat' dir='ltr'>essent</span> <span class='ocrx_word' id='word_1_50' title='bbox 336 892 433 974; x_wconf 90' lang='lat' dir='ltr'>atque</span> <span class='ocrx_word' id='word_1_51' title='bbox 457 888 718 973; x_wconf 88' lang='lat' dir='ltr'>adcommodata,</span> <span class='ocrx_word' id='word_1_52' title='bbox 740 910 806 955; x_wconf 93' lang='lat' dir='ltr'>non</span> <span class='ocrx_word' id='word_1_53' title='bbox 828 889 884 953; x_wconf 89' lang='lat' dir='ltr'>ille</span> <span class='ocrx_word' id='word_1_54' title='bbox 908 889 1072 954; x_wconf 90' lang='lat' dir='ltr'>dubitauit</span> <span class='ocrx_word' id='word_1_55' title='bbox 1095 890 1130 953; x_wconf 92' lang='lat' dir='ltr'>in</span> 
     </span>
     <span class='ocr_line' id='line_1_9' title="bbox 112 977 1128 1063; baseline 0.001 -21"><span class='ocrx_word' id='word_1_56' title='bbox 112 979 176 1043; x_wconf 94' lang='lat' dir='ltr'>hoc</span> <span class='ocrx_word' id='word_1_57' title='bbox 199 977 329 1063; x_wconf 80' lang='lat' dir='ltr'>dialogo</span> <span class='ocrx_word' id='word_1_58' title='bbox 354 1000 514 1042; x_wconf 92' lang='lat' dir='ltr'>summam</span> <span class='ocrx_word' id='word_1_59' title='bbox 536 978 620 1041; x_wconf 86' lang='lat' dir='ltr'>inter</span> <span class='ocrx_word' id='word_1_60' title='bbox 643 978 858 1062; x_wconf 89' lang='lat' dir='ltr'>philosophos</span> <span class='ocrx_word' id='word_1_61' title='bbox 882 982 915 1043; x_wconf 91' lang='lat' dir='ltr'>et</span> <span class='ocrx_word' id='word_1_62' title='bbox 934 978 1128 1043; x_wconf 88' lang='lat' dir='ltr'>christianos</span> 
     </span>
     <span class='ocr_line' id='line_1_10' title="bbox 112 1065 1128 1152; baseline 0.001 -22"><span class='ocrx_word' id='word_1_63' title='bbox 112 1070 183 1131; x_wconf 86' lang='lat' dir='ltr'>tam</span> <span class='ocrx_word' id='word_1_64' title='bbox 206 1067 241 1130; x_wconf 92' lang='lat' dir='ltr'>in</span> <span class='ocrx_word' id='word_1_65' title='bbox 264 1089 328 1132; x_wconf 92' lang='lat' dir='ltr'>uno</span> <span class='ocrx_word' id='word_1_66' title='bbox 348 1067 407 1132; x_wconf 91' lang='lat' dir='ltr'>deo</span> <span class='ocrx_word' id='word_1_67' title='bbox 432 1065 603 1131; x_wconf 89' lang='lat' dir='ltr'>statuendo</span> <span class='ocrx_word' id='word_1_68' title='bbox 622 1088 719 1150; x_wconf 93' lang='lat' dir='ltr'>quam</span> <span class='ocrx_word' id='word_1_69' title='bbox 742 1066 777 1131; x_wconf 93' lang='lat' dir='ltr'>in</span> <span class='ocrx_word' id='word_1_70' title='bbox 799 1071 891 1152; x_wconf 90' lang='lat' dir='ltr'>parte</span> <span class='ocrx_word' id='word_1_71' title='bbox 915 1067 1030 1132; x_wconf 92' lang='lat' dir='ltr'>morali</span> <span class='ocrx_word' id='word_1_72' title='bbox 1055 1088 1128 1132; x_wconf 91' lang='lat' dir='ltr'>con-</span> 
     </span>
     <span class='ocr_line' id='line_1_11' title="bbox 115 1154 1130 1240; baseline 0.001 -21"><span class='ocrx_word' id='word_1_73' title='bbox 115 1154 300 1239; x_wconf 84' lang='lat' dir='ltr'>gruentiam</span> <span class='ocrx_word' id='word_1_74' title='bbox 342 1159 440 1240; x_wconf 86' lang='lat' dir='ltr'>atque</span> <span class='ocrx_word' id='word_1_75' title='bbox 481 1155 686 1220; x_wconf 80' lang='lat' dir='ltr'>concordiam</span> <span class='ocrx_word' id='word_1_76' title='bbox 728 1155 764 1219; x_wconf 94' lang='lat' dir='ltr'>in</span> <span class='ocrx_word' id='word_1_77' title='bbox 802 1177 897 1219; x_wconf 88' lang='lat' dir='ltr'>usum</span> <span class='ocrx_word' id='word_1_78' title='bbox 934 1177 1050 1220; x_wconf 89' lang='lat' dir='ltr'>uocare</span> <span class='ocrx_word' id='word_1_79' title='bbox 1089 1156 1130 1220; x_wconf 90' lang='lat' dir='ltr'>ad</span> 
     </span>
     <span class='ocr_line' id='line_1_12' title="bbox 113 1243 1131 1329; baseline -0.001 -20"><span class='ocrx_word' id='word_1_80' title='bbox 113 1244 326 1309; x_wconf 71' lang='lat' dir='ltr'>christianam</span> <span class='ocrx_word' id='word_1_81' title='bbox 371 1244 563 1329; x_wconf 85' lang='lat' dir='ltr'>religionem</span> <span class='ocrx_word' id='word_1_82' title='bbox 609 1243 787 1327; x_wconf 87' lang='lat' dir='ltr'>gentilibus</span> <span class='ocrx_word' id='word_1_83' title='bbox 829 1244 1131 1327; x_wconf 87' lang='lat' dir='ltr'>commendandam,</span> 
     </span>
     <span class='ocr_line' id='line_1_13' title="bbox 113 1330 1129 1418; baseline 0.001 -22"><span class='ocrx_word' id='word_1_84' title='bbox 113 1332 211 1397; x_wconf 89' lang='lat' dir='ltr'>simul</span> <span class='ocrx_word' id='word_1_85' title='bbox 238 1335 349 1399; x_wconf 90' lang='lat' dir='ltr'>tamen</span> <span class='ocrx_word' id='word_1_86' title='bbox 371 1330 533 1418; x_wconf 89' lang='lat' dir='ltr'>(equidem</span> <span class='ocrx_word' id='word_1_87' title='bbox 560 1335 596 1396; x_wconf 93' lang='lat' dir='ltr'>ut</span> <span class='ocrx_word' id='word_1_88' title='bbox 623 1330 744 1417; x_wconf 87' lang='lat' dir='ltr'>sentio)</span> <span class='ocrx_word' id='word_1_89' title='bbox 769 1332 1003 1398; x_wconf 87' lang='lat' dir='ltr'>christianismi</span> <span class='ocrx_word' id='word_1_90' title='bbox 1030 1333 1129 1397; x_wconf 90' lang='lat' dir='ltr'>inter·</span> 
     </span>
     <span class='ocr_line' id='line_1_14' title="bbox 111 1421 1129 1505; baseline 0.001 -21"><span class='ocrx_word' id='word_1_91' title='bbox 111 1421 331 1504; x_wconf 85' lang='lat' dir='ltr'>pretationem</span> <span class='ocrx_word' id='word_1_92' title='bbox 364 1421 530 1486; x_wconf 91' lang='lat' dir='ltr'>meliorem</span> <span class='ocrx_word' id='word_1_93' title='bbox 562 1421 789 1505; x_wconf 86' lang='lat' dir='ltr'>purioremque</span> <span class='ocrx_word' id='word_1_94' title='bbox 822 1421 920 1486; x_wconf 91' lang='lat' dir='ltr'>etiam</span> <span class='ocrx_word' id='word_1_95' title='bbox 948 1422 1024 1485; x_wconf 90' lang='lat' dir='ltr'>fidei</span> <span class='ocrx_word' id='word_1_96' title='bbox 1052 1442 1129 1485; x_wconf 88' lang='lat' dir='ltr'>suae</span> 
     </span>
     <span class='ocr_line' id='line_1_15' title="bbox 113 1510 1130 1595; baseline 0 -21"><span class='ocrx_word' id='word_1_97' title='bbox 113 1510 319 1575; x_wconf 70' lang='lat' dir='ltr'>consortibus</span> <span class='ocrx_word' id='word_1_98' title='bbox 337 1531 533 1593; x_wconf 89' lang='lat' dir='ltr'>proponens.</span> <span class='ocrx_word' id='word_1_99' title='bbox 561 1510 647 1594; x_wconf 88' lang='lat' dir='ltr'>apud</span> <span class='ocrx_word' id='word_1_100' title='bbox 662 1532 742 1594; x_wconf 90' lang='lat' dir='ltr'>quos</span> <span class='ocrx_word' id='word_1_101' title='bbox 762 1531 819 1574; x_wconf 92' lang='lat' dir='ltr'>cur</span> <span class='ocrx_word' id='word_1_102' title='bbox 836 1532 951 1595; x_wconf 92' lang='lat' dir='ltr'>parum</span> <span class='ocrx_word' id='word_1_103' title='bbox 972 1512 1028 1573; x_wconf 89' lang='lat' dir='ltr'>aut</span> <span class='ocrx_word' id='word_1_104' title='bbox 1046 1510 1130 1574; x_wconf 91' lang='lat' dir='ltr'>nihil</span> 
     </span>
     <span class='ocr_line' id='line_1_16' title="bbox 114 1595 1130 1682; baseline 0.001 -20"><span class='ocrx_word' id='word_1_105' title='bbox 114 1595 286 1682; x_wconf 85' lang='lat' dir='ltr'>(quantum</span> <span class='ocrx_word' id='word_1_106' title='bbox 319 1598 448 1682; x_wconf 88' lang='lat' dir='ltr'>quidem</span> <span class='ocrx_word' id='word_1_107' title='bbox 481 1598 639 1682; x_wconf 88' lang='lat' dir='ltr'>suspicari</span> <span class='ocrx_word' id='word_1_108' title='bbox 670 1595 762 1679; x_wconf 85' lang='lat' dir='ltr'>licet)</span> <span class='ocrx_word' id='word_1_109' title='bbox 789 1598 940 1680; x_wconf 89' lang='lat' dir='ltr'>ualuerit,</span> <span class='ocrx_word' id='word_1_110' title='bbox 967 1597 1063 1662; x_wconf 82' lang='lat' dir='ltr'>facile</span> <span class='ocrx_word' id='word_1_111' title='bbox 1092 1621 1130 1663; x_wconf 87' lang='lat' dir='ltr'>ex</span> 
     </span>
     <span class='ocr_line' id='line_1_17' title="bbox 113 1686 1130 1771; baseline 0.003 -22"><span class='ocrx_word' id='word_1_112' title='bbox 113 1687 250 1750; x_wconf 85' lang='lat' dir='ltr'>historia</span> <span class='ocrx_word' id='word_1_113' title='bbox 282 1687 387 1751; x_wconf 88' lang='lat' dir='ltr'>cultus</span> <span class='ocrx_word' id='word_1_114' title='bbox 416 1686 586 1751; x_wconf 89' lang='lat' dir='ltr'>christiani</span> <span class='ocrx_word' id='word_1_115' title='bbox 619 1686 825 1771; x_wconf 76' lang='lat' dir='ltr'>perspicitur.</span> <span class='ocrx_word' id='word_1_116' title='bbox 867 1687 953 1770; x_wconf 93' lang='lat' dir='ltr'>apud</span> <span class='ocrx_word' id='word_1_117' title='bbox 981 1691 1130 1770; x_wconf 86' lang='lat' dir='ltr'>posteros</span> 
     </span>
     <span class='ocr_line' id='line_1_18' title="bbox 114 1774 1129 1859; baseline 0.003 -21"><span class='ocrx_word' id='word_1_118' title='bbox 114 1778 223 1839; x_wconf 86' lang='lat' dir='ltr'>autem</span> <span class='ocrx_word' id='word_1_119' title='bbox 256 1775 312 1839; x_wconf 94' lang='lat' dir='ltr'>uni</span> <span class='ocrx_word' id='word_1_120' title='bbox 345 1774 518 1839; x_wconf 87' lang='lat' dir='ltr'>eruditioni</span> <span class='ocrx_word' id='word_1_121' title='bbox 549 1775 655 1839; x_wconf 86' lang='lat' dir='ltr'>bonae</span> <span class='ocrx_word' id='word_1_122' title='bbox 687 1775 793 1858; x_wconf 84' lang='lat' dir='ltr'>frugis</span> <span class='ocrx_word' id='word_1_123' title='bbox 826 1775 867 1839; x_wconf 88' lang='lat' dir='ltr'>ad</span> <span class='ocrx_word' id='word_1_124' title='bbox 899 1775 1129 1859; x_wconf 89' lang='lat' dir='ltr'>inpugnandos</span> 
     </span>
     <span class='ocr_line' id='line_1_19' title="bbox 113 1862 1144 1948; baseline 0 -20"><span class='ocrx_word' id='word_1_125' title='bbox 113 1862 260 1929; x_wconf 88' lang='lat' dir='ltr'>ethnicos</span> <span class='ocrx_word' id='word_1_126' title='bbox 279 1864 487 1948; x_wconf 90' lang='lat' dir='ltr'>plenissimae</span> <span class='ocrx_word' id='word_1_127' title='bbox 506 1866 675 1947; x_wconf 89' lang='lat' dir='ltr'>acceptum</span> <span class='ocrx_word' id='word_1_128' title='bbox 696 1867 762 1929; x_wconf 91' lang='lat' dir='ltr'>rett</span> <span class='ocrx_word' id='word_1_129' title='bbox 732 1863 862 1929; x_wconf 88' lang='lat' dir='ltr'>ttulisse</span> <span class='ocrx_word' id='word_1_130' title='bbox 881 1863 970 1928; x_wconf 90' lang='lat' dir='ltr'>uidet</span> <span class='ocrx_word' id='word_1_131' title='bbox 956 1867 1018 1948; x_wconf 89' lang='lat' dir='ltr'>tur,</span> <span class='ocrx_word' id='word_1_132' title='bbox 1042 1865 1144 1948; x_wconf 68' lang='lat' dir='ltr'>quod,</span> 
     </span>
     <span class='ocr_line' id='line_1_20' title="bbox 112 1952 1130 2039; baseline 0.002 -23"><span class='ocrx_word' id='word_1_133' title='bbox 112 1974 178 2017; x_wconf 93' lang='lat' dir='ltr'>non</span> <span class='ocrx_word' id='word_1_134' title='bbox 205 1975 265 2036; x_wconf 88' lang='lat' dir='ltr'>pro</span> <span class='ocrx_word' id='word_1_135' title='bbox 293 1953 414 2017; x_wconf 88' lang='lat' dir='ltr'>haeret</span> <span class='ocrx_word' id='word_1_136' title='bbox 390 1956 455 2018; x_wconf 81' lang='lat' dir='ltr'>trco</span> <span class='ocrx_word' id='word_1_137' title='bbox 484 1957 534 2018; x_wconf 90' lang='lat' dir='ltr'>est</span> <span class='ocrx_word' id='word_1_138' title='bbox 519 1954 744 2018; x_wconf 24' lang='lat' dir='ltr'>tdammnatus</span> <span class='ocrx_word' id='word_1_139' title='bbox 786 1956 871 2034; x_wconf 81' lang='lat' dir='ltr'>certe</span> <span class='ocrx_word' id='word_1_140' title='bbox 898 1952 1130 2039; x_wconf 79' lang='lat' dir='ltr'>Tertullianus,</span> 
     </span>
     <span class='ocr_line' id='line_1_21' title="bbox 114 2041 1128 2126; baseline 0.004 -22"><span class='ocrx_word' id='word_1_141' title='bbox 114 2041 189 2125; x_wconf 91' lang='lat' dir='ltr'>quid</span> <span class='ocrx_word' id='word_1_142' title='bbox 208 2041 257 2105; x_wconf 90' lang='lat' dir='ltr'>illi</span> <span class='ocrx_word' id='word_1_143' title='bbox 276 2042 393 2107; x_wconf 88' lang='lat' dir='ltr'>debeat</span> <span class='ocrx_word' id='word_1_144' title='bbox 378 2042 569 2126; x_wconf 87' lang='lat' dir='ltr'>tconscius,</span> <span class='ocrx_word' id='word_1_145' title='bbox 586 2046 659 2107; x_wconf 90' lang='lat' dir='ltr'>tant</span> <span class='ocrx_word' id='word_1_146' title='bbox 644 2041 812 2107; x_wconf 91' lang='lat' dir='ltr'>tummodo</span> <span class='ocrx_word' id='word_1_147' title='bbox 829 2043 915 2107; x_wconf 89' lang='lat' dir='ltr'>teate</span> <span class='ocrx_word' id='word_1_148' title='bbox 935 2063 1008 2106; x_wconf 90' lang='lat' dir='ltr'>eum</span> <span class='ocrx_word' id='word_1_149' title='bbox 1026 2046 1128 2125; x_wconf 89' lang='lat' dir='ltr'>notat,</span> 
     </span>
     <span class='ocr_line' id='line_1_22' title="bbox 113 2095 1132 2215; baseline 0.005 -23"><span class='ocrx_word' id='word_1_150' title='bbox 113 2134 150 2192; x_wconf 90' lang='lat' dir='ltr'>ut</span> <span class='ocrx_word' id='word_1_151' title='bbox 174 2149 234 2213; x_wconf 87' lang='lat' dir='ltr'>ego</span> <span class='ocrx_word' id='word_1_152' title='bbox 257 2134 350 2215; x_wconf 89' lang='lat' dir='ltr'>puto,</span> <span class='ocrx_word' id='word_1_153' title='bbox 373 2130 424 2195; x_wconf 88' lang='lat' dir='ltr'>his</span> <span class='ocrx_word' id='word_1_154' title='bbox 448 2131 558 2196; x_wconf 89' lang='lat' dir='ltr'>uerbis</span> <span class='ocrx_word' id='word_1_155' title='bbox 583 2131 636 2212; x_wconf 89' lang='lat' dir='ltr'>[de</span> <span class='ocrx_word' id='word_1_156' title='bbox 659 2152 798 2215; x_wconf 86' lang='lat' dir='ltr'>praescr</span> <span class='ocrx_word' id='word_1_157' title='bbox 820 2131 908 2195; x_wconf 90' lang='lat' dir='ltr'>haer.</span> <span class='ocrx_word' id='word_1_158' title='bbox 932 2152 957 2196; x_wconf 93' lang='lat' dir='ltr'>c</span> <span class='ocrx_word' id='word_1_159' title='bbox 978 2132 1026 2212; x_wconf 79' lang='lat'>7]:</span> <span class='ocrx_word' id='word_1_160' title='bbox 1054 2095 1132 2212; x_wconf 78' lang='lat' dir='ltr'>qaid</span> 
     </span>
     <span class='ocr_line' id='line_1_23' title="bbox 112 2218 1129 2302; baseline 0.004 -21"><span class='ocrx_word' id='word_1_161' title='bbox 112 2223 247 2299; x_wconf 77' lang='lat' dir='ltr'>erpot</span> <span class='ocrx_word' id='word_1_162' title='bbox 201 2218 247 2282; x_wconf 87' lang='lat' dir='ltr'>At</span> <span class='ocrx_word' id='word_1_163' title='bbox 247 2218 380 2283; x_wconf 80' lang='lat' dir='ltr'>hmiset</span> <span class='ocrx_word' id='word_1_164' title='bbox 396 2219 631 2302; x_wconf 71' lang='lat' dir='ltr'>Hierosahjmia</span> <span class='ocrx_word' id='word_1_165' title='bbox 649 2220 726 2302; x_wconf 79' lang='lat' dir='ltr'>qaid</span> <span class='ocrx_word' id='word_1_166' title='bbox 742 2220 964 2285; x_wconf 76' lang='lat' dir='ltr'>academiaet</span> <span class='ocrx_word' id='word_1_167' title='bbox 935 2224 964 2283; x_wconf 86' lang='lat' dir='ltr'>ct</span> <span class='ocrx_word' id='word_1_168' title='bbox 981 2220 1129 2299; x_wconf 74' lang='lat' dir='ltr'>materiae,</span> 
     </span>
     <span class='ocr_line' id='line_1_24' title="bbox 112 2305 1129 2389; baseline 0.004 -19"><span class='ocrx_word' id='word_1_169' title='bbox 112 2307 190 2388; x_wconf 79' lang='lat' dir='ltr'>qaid</span> <span class='ocrx_word' id='word_1_170' title='bbox 210 2305 369 2372; x_wconf 81' lang='lat' dir='ltr'>haereticis</span> <span class='ocrx_word' id='word_1_171' title='bbox 386 2313 415 2371; x_wconf 90' lang='lat' dir='ltr'>ct</span> <span class='ocrx_word' id='word_1_172' title='bbox 431 2307 632 2373; x_wconf 76' lang='lat' dir='ltr'>christianis?</span> <span class='ocrx_word' id='word_1_173' title='bbox 655 2313 763 2372; x_wconf 82' lang='lat' dir='ltr'>matra</span> <span class='ocrx_word' id='word_1_174' title='bbox 779 2308 933 2373; x_wconf 68' lang='lat' dir='ltr'>trutinatio</span> <span class='ocrx_word' id='word_1_175' title='bbox 951 2309 987 2372; x_wconf 84' lang='lat' dir='ltr'>de</span> <span class='ocrx_word' id='word_1_176' title='bbox 1003 2309 1129 2389; x_wconf 81' lang='lat' dir='ltr'>portica</span> 
     </span>
     <span class='ocr_line' id='line_1_25' title="bbox 113 2393 1128 2478; baseline 0.002 -18"><span class='ocrx_word' id='word_1_177' title='bbox 113 2393 290 2460; x_wconf 78' lang='lat' dir='ltr'>Salomonis</span> <span class='ocrx_word' id='word_1_178' title='bbox 312 2400 368 2477; x_wconf 79' lang='lat' dir='ltr'>cst,</span> <span class='ocrx_word' id='word_1_179' title='bbox 390 2396 445 2478; x_wconf 79' lang='lat' dir='ltr'>qai</span> <span class='ocrx_word' id='word_1_180' title='bbox 467 2401 496 2460; x_wconf 85' lang='lat' dir='ltr'>et</span> <span class='ocrx_word' id='word_1_181' title='bbox 516 2397 581 2476; x_wconf 81' lang='lat' dir='ltr'>ipsc</span> <span class='ocrx_word' id='word_1_182' title='bbox 603 2397 788 2478; x_wconf 76' lang='lat' dir='ltr'>tradiderat,</span> <span class='ocrx_word' id='word_1_183' title='bbox 814 2397 974 2460; x_wconf 82' lang='lat' dir='ltr'>dommum</span> <span class='ocrx_word' id='word_1_184' title='bbox 996 2396 1033 2461; x_wconf 86' lang='lat' dir='ltr'>ia</span> <span class='ocrx_word' id='word_1_185' title='bbox 1054 2397 1128 2462; x_wconf 82' lang='lat' dir='ltr'>aim-</span> 
     </span>
     <span class='ocr_line' id='line_1_26' title="bbox 108 2484 1131 2566; baseline 0.002 -18"><span class='ocrx_word' id='word_1_186' title='bbox 108 2484 250 2566; x_wconf 78' lang='lat' dir='ltr'>ptiaitate</span> <span class='ocrx_word' id='word_1_187' title='bbox 278 2484 378 2550; x_wconf 81' lang='lat' dir='ltr'>cordis</span> <span class='ocrx_word' id='word_1_188' title='bbox 405 2504 466 2550; x_wconf 83' lang='lat' dir='ltr'>esse</span> <span class='ocrx_word' id='word_1_189' title='bbox 491 2485 708 2565; x_wconf 78' lang='lat' dir='ltr'>quaerendam.</span> <span class='ocrx_word' id='word_1_190' title='bbox 750 2484 888 2549; x_wconf 77' lang='lat' dir='ltr'>uiderint</span> <span class='ocrx_word' id='word_1_191' title='bbox 913 2485 969 2566; x_wconf 79' lang='lat' dir='ltr'>qai</span> <span class='ocrx_word' id='word_1_192' title='bbox 1001 2487 1131 2550; x_wconf 75' lang='lat' dir='ltr'>stamma</span> 
     </span>
     <span class='ocr_line' id='line_1_27' title="bbox 114 2573 1130 2655; baseline 0.002 -18"><span class='ocrx_word' id='word_1_193' title='bbox 114 2577 143 2637; x_wconf 86' lang='lat' dir='ltr'>ct</span> <span class='ocrx_word' id='word_1_194' title='bbox 158 2573 353 2654; x_wconf 75' lang='lat' dir='ltr'>platonicam</span> <span class='ocrx_word' id='word_1_195' title='bbox 371 2578 401 2638; x_wconf 86' lang='lat' dir='ltr'>ct</span> <span class='ocrx_word' id='word_1_196' title='bbox 422 2574 615 2640; x_wconf 75' lang='lat' dir='ltr'>dialecticam</span> <span class='ocrx_word' id='word_1_197' title='bbox 632 2573 899 2639; x_wconf 77' lang='lat' dir='ltr'>christianismum</span> <span class='ocrx_word' id='word_1_198' title='bbox 915 2574 1130 2655; x_wconf 75' lang='lat' dir='ltr'>protulerant:</span> 
     </span>
     <span class='ocr_line' id='line_1_28' title="bbox 113 2660 1130 2745; baseline 0.003 -19"><span class='ocrx_word' id='word_1_199' title='bbox 113 2662 201 2726; x_wconf 79' lang='lat' dir='ltr'>uotis</span> <span class='ocrx_word' id='word_1_200' title='bbox 223 2663 399 2728; x_wconf 74' lang='lat' dir='ltr'>maturitate</span> <span class='ocrx_word' id='word_1_201' title='bbox 421 2683 497 2744; x_wconf 78' lang='lat' dir='ltr'>opas</span> <span class='ocrx_word' id='word_1_202' title='bbox 519 2682 584 2728; x_wconf 85' lang='lat' dir='ltr'>aaa</span> <span class='ocrx_word' id='word_1_203' title='bbox 605 2667 651 2728; x_wconf 85' lang='lat' dir='ltr'>est</span> <span class='ocrx_word' id='word_1_204' title='bbox 668 2666 742 2745; x_wconf 82' lang='lat' dir='ltr'>post</span> <span class='ocrx_word' id='word_1_205' title='bbox 762 2660 869 2727; x_wconf 83' lang='lat' dir='ltr'>lesam</span> <span class='ocrx_word' id='word_1_206' title='bbox 892 2661 1054 2728; x_wconf 75' lang='lat' dir='ltr'>Uiriatum</span> <span class='ocrx_word' id='word_1_207' title='bbox 1075 2683 1130 2729; x_wconf 79' lang='lat' dir='ltr'>aaa</span> 
     </span>
     <span class='ocr_line' id='line_1_29' title="bbox 113 2750 1132 2835; baseline 0.004 -21"><span class='ocrx_word' id='word_1_208' title='bbox 113 2750 315 2832; x_wconf 73' lang='lat' dir='ltr'>inquisitione</span> <span class='ocrx_word' id='word_1_209' title='bbox 335 2757 409 2833; x_wconf 76' lang='lat' dir='ltr'>post</span> <span class='ocrx_word' id='word_1_210' title='bbox 428 2751 639 2835; x_wconf 70' lang='lat' dir='ltr'>aaarqeliam:</span> <span class='ocrx_word' id='word_1_211' title='bbox 666 2770 736 2816; x_wconf 87' lang='lat' dir='ltr'>cam</span> <span class='ocrx_word' id='word_1_212' title='bbox 758 2752 924 2834; x_wconf 71' lang='lat' dir='ltr'>creditam,</span> <span class='ocrx_word' id='word_1_213' title='bbox 951 2751 1032 2817; x_wconf 81' lang='lat' dir='ltr'>mitit</span> <span class='ocrx_word' id='word_1_214' title='bbox 1054 2753 1132 2818; x_wconf 78' lang='lat' dir='ltr'>dasi-</span> 
     </span>
     <span class='ocr_line' id='line_1_30' title="bbox 114 2837 1132 2924; baseline 0.004 -22"><span class='ocrx_word' id='word_1_215' title='bbox 114 2839 261 2904; x_wconf 80' lang='lat' dir='ltr'>deramas</span> <span class='ocrx_word' id='word_1_216' title='bbox 281 2841 368 2905; x_wconf 85' lang='lat' dir='ltr'>altra</span> <span class='ocrx_word' id='word_1_217' title='bbox 390 2842 507 2906; x_wconf 82' lang='lat' dir='ltr'>credere</span> <span class='ocrx_word' id='word_1_218' title='bbox 530 2862 596 2924; x_wconf 90' lang='lat' dir='ltr'>eqs.</span> <span class='ocrx_word' id='word_1_219' title='bbox 633 2837 817 2924; x_wconf 79' lang='lat' dir='ltr'>Cyprianus</span> <span class='ocrx_word' id='word_1_220' title='bbox 841 2843 965 2924; x_wconf 89' lang='lat' dir='ltr'>autem,</span> <span class='ocrx_word' id='word_1_221' title='bbox 990 2844 1027 2905; x_wconf 93' lang='lat' dir='ltr'>ut</span> <span class='ocrx_word' id='word_1_222' title='bbox 1050 2841 1132 2906; x_wconf 90' lang='lat' dir='ltr'>obli·</span> 
     </span>
     <span class='ocr_line' id='line_1_31' title="bbox 115 2926 1133 3013; baseline 0.006 -23"><span class='ocrx_word' id='word_1_223' title='bbox 115 2926 205 2991; x_wconf 93' lang='lat' dir='ltr'>uioni</span> <span class='ocrx_word' id='word_1_224' title='bbox 229 2927 320 2993; x_wconf 91' lang='lat' dir='ltr'>daret</span> <span class='ocrx_word' id='word_1_225' title='bbox 343 2928 497 2994; x_wconf 88' lang='lat' dir='ltr'>haeretici</span> <span class='ocrx_word' id='word_1_226' title='bbox 523 2928 658 3011; x_wconf 91' lang='lat' dir='ltr'>librum,</span> <span class='ocrx_word' id='word_1_227' title='bbox 686 2929 722 2993; x_wconf 96' lang='lat' dir='ltr'>in</span> <span class='ocrx_word' id='word_1_228' title='bbox 746 2929 900 3012; x_wconf 87' lang='lat' dir='ltr'>opusculo</span> <span class='ocrx_word' id='word_1_229' title='bbox 924 2927 1021 3013; x_wconf 75' lang='lat' dir='ltr'>‘quod</span> <span class='ocrx_word' id='word_1_230' title='bbox 1044 2930 1133 2996; x_wconf 88' lang='lat' dir='ltr'>idola</span> 
     </span>
     <span class='ocr_line' id='line_1_32' title="bbox 116 2979 1133 3103; baseline 0.007 -25"><span class='ocrx_word' id='word_1_231' title='bbox 116 3014 161 3079; x_wconf 89' lang='lat' dir='ltr'>dii</span> <span class='ocrx_word' id='word_1_232' title='bbox 200 3038 266 3082; x_wconf 93' lang='lat' dir='ltr'>non</span> <span class='ocrx_word' id='word_1_233' title='bbox 307 3017 398 3082; x_wconf 89' lang='lat' dir='ltr'>sunt&#39;</span> <span class='ocrx_word' id='word_1_234' title='bbox 434 3017 592 3101; x_wconf 85' lang='lat' dir='ltr'>inscripto</span> <span class='ocrx_word' id='word_1_235' title='bbox 630 2979 716 3083; x_wconf 78' lang='lat' dir='ltr'>hirnc</span> <span class='ocrx_word' id='word_1_236' title='bbox 754 3017 920 3103; x_wconf 84' lang='lat' dir='ltr'>dialogum</span> <span class='ocrx_word' id='word_1_237' title='bbox 959 3019 1107 3085; x_wconf 88' lang='lat' dir='ltr'>tacite</span> <span class='ocrx_word' id='word_1_238' title='bbox 1097 3042 1133 3085; x_wconf 87' lang='grc' dir='ltr'>ιιι</span> 
     </span>
     <span class='ocr_line' id='line_1_33' title="bbox 115 3105 1132 3260; baseline 0.005 -92"><span class='ocrx_word' id='word_1_239' title='bbox 115 3105 214 3168; x_wconf 88' lang='lat' dir='ltr'>breue</span> <span class='ocrx_word' id='word_1_240' title='bbox 247 3106 472 3191; x_wconf 87' lang='lat' dir='ltr'>compendium</span> <span class='ocrx_word' id='word_1_241' title='bbox 504 3107 552 3170; x_wconf 88' lang='lat' dir='ltr'>ita</span> <span class='ocrx_word' id='word_1_242' title='bbox 581 3106 709 3260; x_wconf 84' lang='lat' dir='ltr'>redegit</span> <span class='ocrx_word' id='word_1_243' title='bbox 736 3110 773 3172; x_wconf 89' lang='lat' dir='ltr'>ut</span> <span class='ocrx_word' id='word_1_244' title='bbox 798 3108 932 3192; x_wconf 88' lang='lat' dir='ltr'>longam</span> <span class='ocrx_word' id='word_1_245' title='bbox 960 3114 994 3171; x_wconf 85' lang='grc' dir='ltr'>οι</span> <span class='ocrx_word' id='word_1_246' title='bbox 1021 3109 1132 3173; x_wconf 86' lang='grc' dir='ltr'>οιιιιο·</span> 
     </span>
     <span class='ocr_line' id='line_1_34' title="bbox 115 3191 1131 3280; baseline 0.007 -24"><span class='ocrx_word' id='word_1_247' title='bbox 115 3191 233 3258; x_wconf 86' lang='lat' dir='ltr'>doxam</span> <span class='ocrx_word' id='word_1_248' title='bbox 263 3194 301 3258; x_wconf 92' lang='lat' dir='ltr'>de</span> <span class='ocrx_word' id='word_1_249' title='bbox 329 3193 461 3260; x_wconf 79' lang='lat' dir='ltr'>Christo</span> <span class='ocrx_word' id='word_1_250' title='bbox 489 3195 618 3279; x_wconf 87' lang='lat' dir='ltr'>exposit</span> <span class='ocrx_word' id='word_1_251' title='bbox 619 3195 727 3260; x_wconf 92' lang='lat' dir='ltr'>ionem</span> <span class='ocrx_word' id='word_1_252' title='bbox 755 3196 830 3260; x_wconf 92' lang='lat' dir='ltr'>inde</span> <span class='ocrx_word' id='word_1_253' title='bbox 858 3218 878 3260; x_wconf 88' lang='lat' dir='ltr'>a</span> <span class='ocrx_word' id='word_1_254' title='bbox 905 3195 1011 3280; x_wconf 89' lang='lat' dir='ltr'>capite</span> <span class='ocrx_word' id='word_1_255' title='bbox 995 3201 1131 3264; x_wconf 85' lang='lat' dir='ltr'>esexto</span> 
     </span>
     <span class='ocr_line' id='line_1_35' title="bbox 116 3280 1132 3371; baseline 0.007 -27"><span class='ocrx_word' id='word_1_256' title='bbox 116 3280 155 3345; x_wconf 92' lang='lat' dir='ltr'>de</span> <span class='ocrx_word' id='word_1_257' title='bbox 175 3303 234 3346; x_wconf 88' lang='lat' dir='ltr'>suo</span> <span class='ocrx_word' id='word_1_258' title='bbox 254 3282 310 3349; x_wconf 90' lang='lat' dir='ltr'>adt</span> <span class='ocrx_word' id='word_1_259' title='bbox 296 3287 427 3350; x_wconf 82' lang='lat' dir='ltr'>ttexere</span> <span class='ocrx_word' id='word_1_260' title='bbox 404 3283 629 3349; x_wconf 82' lang='lat' dir='ltr'>thenestius</span> <span class='ocrx_word' id='word_1_261' title='bbox 648 3285 731 3348; x_wconf 88' lang='lat' dir='ltr'>mult</span> <span class='ocrx_word' id='word_1_262' title='bbox 716 3287 751 3349; x_wconf 88' lang='lat' dir='ltr'>to</span> <span class='ocrx_word' id='word_1_263' title='bbox 771 3284 840 3370; x_wconf 86' lang='lat' dir='ltr'>egit</span> <span class='ocrx_word' id='word_1_264' title='bbox 825 3283 937 3349; x_wconf 87' lang='lat' dir='ltr'>ttLac</span> <span class='ocrx_word' id='word_1_265' title='bbox 922 3286 1048 3350; x_wconf 85' lang='lat' dir='ltr'>tentius</span> <span class='ocrx_word' id='word_1_266' title='bbox 1049 3286 1132 3371; x_wconf 92' lang='lat' dir='ltr'>,qui</span> 
     </span>
    </p>
   </div>
   <div class='ocr_carea' id='block_1_4' title="bbox 117 3426 331 3437">
    <p class='ocr_par' dir='ltr' id='par_1_4' title="bbox 117 3426 331 3437">
     <span class='ocr_line' id='line_1_36' title="bbox 117 3426 331 3437; baseline 0.009 -2"><span class='ocrx_word' id='word_1_267' title='bbox 117 3426 331 3437; x_wconf 68' lang='lat' dir='ltr'>—u——n—-n</span> 
     </span>
    </p>
   </div>
   <div class='ocr_carea' id='block_1_5' title="bbox 121 3492 1131 3634">
    <p class='ocr_par' dir='ltr' id='par_1_5' title="bbox 121 3492 1131 3634">
     <span class='ocr_line' id='line_1_37' title="bbox 187 3492 1131 3566; baseline 0.002 -19"><span class='ocrx_word' id='word_1_268' title='bbox 187 3492 212 3562; x_wconf 85' lang='lat'>*)</span> <span class='ocrx_word' id='word_1_269' title='bbox 236 3492 301 3548; x_wconf 88' lang='lat' dir='ltr'>hine</span> <span class='ocrx_word' id='word_1_270' title='bbox 324 3509 431 3563; x_wconf 87' lang='lat' dir='ltr'>paucae</span> <span class='ocrx_word' id='word_1_271' title='bbox 454 3492 484 3548; x_wconf 91' lang='lat' dir='ltr'>in</span> <span class='ocrx_word' id='word_1_272' title='bbox 507 3493 690 3566; x_wconf 87' lang='lat' dir='ltr'>philosophos</span> <span class='ocrx_word' id='word_1_273' title='bbox 709 3494 846 3551; x_wconf 85' lang='lat' dir='ltr'>ueteres</span> <span class='ocrx_word' id='word_1_274' title='bbox 838 3496 933 3550; x_wconf 87' lang='lat' dir='ltr'>mueot</span> <span class='ocrx_word' id='word_1_275' title='bbox 933 3493 997 3551; x_wconf 89' lang='lat' dir='ltr'>iuae</span> <span class='ocrx_word' id='word_1_276' title='bbox 1017 3497 1069 3564; x_wconf 87' lang='lat' dir='ltr'>(ex.</span> <span class='ocrx_word' id='word_1_277' title='bbox 1089 3513 1131 3565; x_wconf 80' lang='lat' dir='ltr'>gr</span> 
     </span>
     <span class='ocr_line' id='line_1_38' title="bbox 121 3564 466 3634; baseline 0.012 -18"><span class='ocrx_word' id='word_1_278' title='bbox 121 3578 143 3616; x_wconf 90' lang='lat' dir='ltr'>c.</span> <span class='ocrx_word' id='word_1_279' title='bbox 165 3568 207 3632; x_wconf 86' lang='lat'>38,</span> <span class='ocrx_word' id='word_1_280' title='bbox 227 3565 254 3633; x_wconf 88' lang='lat'>5)</span> <span class='ocrx_word' id='word_1_281' title='bbox 274 3564 466 3634; x_wconf 86' lang='lat' dir='ltr'>explicandae.</span> 
     </span>
    </p>
   </div>
   <div class='ocr_carea' id='block_1_6' title="bbox 0 0 1222 3938">
    <p class='ocr_par' dir='ltr' id='par_1_6' title="bbox 0 0 1222 3938">
     <span class='ocr_line' id='line_1_39' title="bbox 0 0 1222 3938; baseline 0 0"><span class='ocrx_word' id='word_1_282' title='bbox 0 0 1222 3938; x_wconf 95' lang='lat' dir='ltr'> </span> 
     </span>
    </p>
   </div>
  </div>
 </body>
</html>
