2430 3938
123 192 167 254 24
480 188 623 245 MINUOII
641 189 781 245 FELICIS

125 339 200 418 apte
224 335 382 419 disposita
405 338 495 400 recta
517 334 693 418 montium,
715 334 852 399 uallium
873 334 965 417 fiexa,
988 337 1141 417 porrecta

103 423 335 508 camporum?
364 422 481 507 quidue
509 422 725 487 animantium
752 422 867 505 loquar
890 422 1044 486 aduersus
1068 444 1141 488 sese

124 513 260 578 tutelam
296 511 541 576 multiformem:
579 510 661 575 alias
695 514 838 575 armatas
872 510 1024 575 cornibus
1057 511 1141 576 alias

126 600 277 666 dentibus
295 604 434 684 saeptas,
449 603 481 663 et
495 598 646 664 fundatas
661 599 791 683 ungulis
806 601 839 662 et
854 599 993 683 spicatas
1010 599 1141 683 aculeis,

126 694 182 754 aut
209 688 327 772 pedum
356 688 520 753 celeritate
548 687 666 752 liberas
695 690 752 752 aut
780 687 920 751 elatione
942 687 1142 770 pinnarum?
1166 703 1179 746 s

74 793 107 843 11
126 778 199 861 ipsa
221 777 393 860 praecipue
417 777 540 840 formae
563 779 695 840 nostrae
718 775 923 858 pulchritudo
942 775 1038 838 deum
1058 774 1141 840 fate-

126 870 181 929 tur
200 865 369 930 artificem:
393 867 498 929 status
516 864 650 948 rigidus,
670 864 781 928 uultus
801 867 936 945 erectus,
958 863 993 927 in
1013 885 1142 929 summo

128 954 214 1018 oculi
233 954 324 1017 uelut
341 953 375 1016 in
395 954 526 1036 specula
545 953 714 1017 constituti
733 955 766 1016 et
781 973 892 1016 omnes
908 951 1005 1016 ceteri
1024 973 1142 1018 sensus

77 1041 220 1106 18uelut
247 1041 282 1104 in
307 1061 379 1105 arce
402 1040 585 1125 compositi.
621 1040 756 1124 longum
779 1043 830 1104 est
852 1039 899 1103 ire
922 1061 979 1123 per
1002 1040 1144 1124 singula.

127 1129 210 1194 nihil
233 1130 268 1193 in
291 1129 421 1194 homine
444 1130 664 1193 membrorum
683 1131 740 1210 est,
764 1128 849 1212 quod
867 1149 932 1193 non
952 1131 984 1193 et
1002 1130 1183 1193 necessi-10

128 1217 207 1282 tatis
235 1238 333 1282 causa
359 1217 402 1281 sit
425 1220 457 1280 et
480 1216 617 1299 decoris3
646 1220 679 1281 et
701 1216 787 1300 quod
810 1217 917 1299 magis
940 1216 1058 1280 mirum
1082 1219 1144 1300 est,

129 1305 240 1370 eadem
268 1305 374 1388 figura
403 1305 568 1388 omnibus,
596 1302 652 1368 sed
675 1304 833 1387 quaedam
856 1304 1029 1387 unicuique
1051 1305 1145 1369 linia-
1174 1369 1176 1372 Α

128 1397 238 1458 menta
260 1393 393 1457 deflexa:
423 1393 469 1457 sic
493 1398 525 1457 et
548 1392 670 1458 similes
696 1393 839 1457 uniuersi
861 1393 1008 1456 uidemur
1030 1395 1064 1456 et
1085 1393 1145 1458 ite·

93 1499 109 1548 2
128 1504 201 1546 rum
220 1482 342 1565 singuli
356 1481 528 1546 dissimiles
548 1481 740 1548 inuenimur.
768 1481 844 1565 quid
862 1478 1015 1545 nascendi
1034 1481 1143 1545 ratio?

130 1570 234 1654 [quid]
259 1569 373 1653 cupido
398 1569 575 1654 generandi
602 1590 711 1634 nonne
734 1591 753 1633 a
777 1569 836 1634 deo
862 1569 938 1633 data
962 1570 1024 1652 est,
1051 1573 1085 1633 et
1107 1572 1146 1633 ut
1159 1583 1184 1626 1⁶

129 1659 229 1724 ubera
251 1662 349 1742 partu
371 1660 607 1722 maturescente
631 1658 810 1722 lactescant
833 1660 865 1721 et
887 1659 924 1721 ut
946 1660 1037 1720 tener
1057 1656 1145 1722 fetus

94 1764 110 1812 3
129 1747 278 1812 ubertate
296 1747 393 1811 lactei
411 1747 494 1811 roris
513 1745 700 1810 adolescat?
719 1766 778 1809 nec
797 1745 1005 1809 uniuersitati
1024 1746 1146 1810 solum·

130 1835 226 1900 modo
255 1835 347 1918 deus,
377 1834 433 1898 sed
460 1837 493 1898 et
520 1834 668 1918 partibus
692 1834 846 1898 consulit:
875 1832 1048 1897 Britannia
1076 1834 1145 1898 sole

130 1922 291 2004 deficitur,
323 1922 380 1986 sed
408 1922 657 1987 circumfluentis
689 1922 789 1986 maris
822 1926 934 2005 tepore
966 1926 1145 2006 recreatur3

130 2010 276 2093 Aegypti
303 2009 483 2074 siccitatem
505 2013 667 2092 temperat
688 2008 785 2074 Nilus
810 2010 928 2092 amnis3
956 2008 1144 2094 Euphrates
1159 2028 1185 2069 n

131 2099 274 2163 colentes
301 2097 574 2182 Mesopotamiam
606 2118 664 2180 pro
696 2098 856 2163 imbribus
883 2102 1013 2181 pensat3
1044 2097 1145 2164 Indus

130 2187 251 2250 flumen
273 2189 307 2250 et
329 2207 435 2251 serere
459 2186 615 2250 orientem
634 2186 751 2251 dicitur
771 2189 804 2251 et
821 2187 938 2271 rigere.
974 2186 1146 2271 quomodo,

132 2275 159 2339 si
184 2275 350 2360 ingressus
378 2275 522 2358 aliquam
546 2274 676 2340 domum
700 2275 812 2339 omnia
835 2275 963 2339 exculta
986 2273 1147 2358 disposita

95 2380 113 2428 4
132 2366 247 2428 ornata
269 2362 403 2446 uideris,
428 2363 539 2448 utique
562 2384 711 2447 praeesse
735 2363 765 2427 ei
788 2362 897 2427 credes
921 2363 1089 2427 dominum
1112 2367 1145 2428 et

131 2451 198 2515 illis
230 2452 323 2517 bonis
356 2451 453 2516 rebus
486 2453 589 2516 multo
621 2473 690 2516 esse
722 2451 906 2516 meliorem:
937 2451 985 2515 ita
1016 2451 1051 2514 in
1083 2452 1145 2517 hac
1159 2467 1185 2510 ro

132 2539 245 2604 mundi
273 2540 369 2604 domo
398 2561 471 2604 cum
500 2540 625 2605 caelum
650 2543 834 2625 terramque
854 2540 1053 2624 perlustrans
1075 2562 1145 2625 per-

134 2628 252 2713 spicias
278 2627 518 2713 prouidentiam
542 2627 689 2692 ordinem
717 2629 837 2713 legem,
865 2627 958 2692 crede
982 2650 1053 2693 esse
1075 2630 1146 2692 uni·

133 2717 297 2782 uersitatis
335 2716 503 2782 dominum
539 2719 771 2801 parentemque
806 2716 888 2800 ipsis
921 2716 1080 2781 sideribus
1114 2722 1147 2782 et

207 2894 220 2941 1
232 2891 326 2944 erecta
335 2890 497 2944 Perizonius
506 2889 509 2961 l
519 2888 637 2944 uallium
646 2890 798 2944 Danisins:
808 2889 922 2943 collium
931 2895 951 2942 P
960 2890 970 2960 ll
979 2896 996 2944 4
1006 2891 1101 2958 septas
1110 2896 1130 2942 P
1138 2890 1148 2962 Η

135 2964 186 3027 7,8
208 2960 283 3014 oculi
298 2960 328 3013 in
342 2977 451 3015 summo
465 2965 494 3025 P,
513 2962 618 3029 traieci,
637 2967 669 3015 nt
682 2960 711 3014 in
726 2976 834 3014 summo
848 2966 905 3015 tam
915 2962 1054 3029 pertineat
1067 2962 1105 3015 ad
1118 2961 1147 3015 in

135 3030 251 3100 specula
271 3032 319 3100 (ed
337 3031 548 3097 obseruandum)
564 3049 645 3101 qnam
660 3033 697 3086 cd
711 3032 739 3084 in
754 3047 817 3085 arce
833 3033 880 3100 (cd
894 3037 980 3086 totnm
992 3032 1148 3100 subernon·

134 3102 209 3169 dnm)
223 3103 233 3170 ΙΙ
248 3106 273 3170 8,
289 3107 304 3156 9
319 3101 420 3168 sensib3
440 3101 524 3157 uelud
538 3108 558 3154 P
571 3103 610 3170 [19
630 3101 760 3170 dispositi
773 3101 957 3158 Hennannns
970 3104 979 3173 i!
994 3108 1027 3156 13
1044 3101 1148 3156 iterum

134 3173 249 3240 scripsi:
267 3170 341 3226 inter
360 3189 389 3226 se
403 3179 423 3225 P
436 3173 446 3240 l
461 3178 493 3227 15
513 3173 580 3242 quid
598 3175 707 3228 seclusit
725 3173 859 3228 Usencrns
872 3174 881 3242 l!
896 3178 929 3227 18
948 3171 1093 3242 brytiania
1106 3178 1126 3225 P
1140 3173 1149 3244 Η

136 3248 170 3296 20
194 3243 269 3296 colet
291 3243 413 3298 eufrates
436 3244 669 3312 mesopotamiam
689 3249 722 3311 P,
746 3246 868 3309 corrcni;
892 3244 967 3299 colet
989 3245 1057 3298 delet
1078 3245 1150 3299 nale

133 3313 295 3368 Bassianus
317 3316 327 3382 fl
349 3319 382 3368 22
407 3314 547 3382 quomodo
570 3316 670 3383 scripsi
692 3316 751 3370 coll.
776 3313 830 3369 Oie.
854 3315 880 3370 d.
904 3332 932 3369 n.
957 3315 982 3369 d.
1006 3313 1079 3382 115,
1099 3319 1148 3368 15:

134 3384 210 3452 quod
227 3389 247 3436 P
269 3386 280 3453 ΙΙ
302 3389 337 3438 24
355 3383 459 3439 uideris
479 3415 512 3425 —-
532 3385 627 3440 credes
645 3387 757 3455 scripsi:
782 3384 901 3440 uidisses
920 3414 954 3424 -
973 3385 1101 3439 crederes
1120 3391 1149 3452 P,

134 3456 206 3524 qnod
220 3470 272 3523 per
289 3471 317 3509 se
330 3456 501 3510 intolerabile
514 3457 619 3523 refutat
634 3458 719 3525 plane
734 3455 826 3511 Oicero
840 3456 858 3510 l.
874 3457 890 3510 i.
905 3456 963 3524 1126
977 3455 1149 3525 perlustrans

136 3527 247 3580 addidit
271 3525 408 3581 Vahlenns
426 3529 435 3596 u
454 3532 487 3580 28
507 3526 651 3581 siderebus
670 3533 690 3579 P
708 3545 741 3580 nr.
763 3531 787 3580 1.
