2430 3938
129 222 171 284 22
482 217 627 273 MINUOII
645 216 785 273 FELICIS

79 365 209 432 lireoti
240 366 355 452 regula
387 363 574 429 sustinetur.
619 385 679 429 nec
709 385 836 448 recuso,
868 362 953 447 quod
981 360 1144 431 Caecilius

128 455 276 519 adserere
304 455 388 519 inter
415 453 588 536 praecipua
612 452 742 518 conisus
767 455 829 534 est,
856 451 1023 516 hominem
1047 473 1145 518 nosse

129 565 164 608 se
187 547 219 607 et
242 542 488 625 circumspicere
512 541 641 624 debere,
669 540 746 624 quid
769 541 827 622 sit,
854 540 940 604 unde
963 541 1019 623 sit,
1043 561 1144 624 quare

129 633 185 715 sit;
208 635 318 696 utrum
341 630 509 695 elementis
532 632 702 695 concretus
721 651 764 693 an
783 629 994 693 concinnatus
1014 630 1145 716 atomis,

94 737 109 784 2
129 742 171 783 an
189 720 299 803 potius
319 742 338 783 a
357 719 416 782 deo
434 716 541 782 factus
555 716 715 782 formatus
731 717 903 782 animatus.
933 716 1019 799 quod
1035 717 1144 800 ipsum
1169 733 1182 776 s

128 809 297 891 explorare
317 811 349 872 et
368 828 477 871 eruere
501 807 570 870 sine
594 806 817 870 uniuersitatis
841 805 1051 888 inquisitione
1074 827 1143 871 non

127 918 313 980 possumus,
351 917 423 960 oum
458 894 506 958 ita
539 894 744 959 cohaerentia
776 914 897 958 conexa
928 896 1145 959 concatenata

127 989 237 1049 cancta
255 986 332 1068 sint,
355 987 392 1048 ut
414 983 479 1047 nisi
502 981 685 1047 diuinitatis
708 982 870 1047 rationem
894 981 1068 1065 diligenter
1092 1005 1145 1047 ex·

128 1073 275 1157 eusseris,
293 1073 419 1137 nescias
438 1071 660 1153 humanitatis,
679 1092 737 1135 neo
756 1071 860 1154 possis
880 1069 1013 1153 pulchre
1031 1091 1144 1155 gerere

128 1182 196 1224 rem
225 1162 369 1245 ciuilem,
396 1160 461 1224 nisi
486 1159 678 1243 cognoueris
701 1159 786 1224 hanc
809 1180 1012 1224 communem
1036 1160 1183 1225 omnis1⁰

128 1249 239 1314 mundi
263 1250 439 1314 ciuitatem.
476 1269 549 1312 cum
568 1270 588 1311 a
607 1247 776 1331 pecoribus
796 1250 828 1311 et
851 1247 928 1311 feris
952 1246 1055 1311 beluis
1079 1247 1144 1314 hoc

127 1338 327 1422 differamus,
359 1336 445 1420 quod
472 1336 530 1401 illa
557 1357 660 1419 prona
692 1336 727 1400 in
759 1339 944 1417 terramque
972 1336 1145 1419 uergentia

126 1426 209 1491 nihil
232 1430 311 1491 nata
334 1428 409 1490 sunt
432 1425 617 1509 prospicere
640 1424 704 1488 nisi
729 1423 897 1507 pabulum,
926 1444 998 1505 nos,
1024 1424 1144 1507 quibus

127 1515 238 1579 uultus
263 1517 402 1597 erectus,
430 1514 547 1597 quibus
571 1515 740 1596 suspectus
764 1513 799 1576 in
823 1512 948 1577 caelum
972 1512 1067 1575 datus
1092 1516 1143 1578 est

127 1605 160 1666 et
182 1625 273 1667 mens
297 1606 330 1667 et
357 1602 456 1680 ratio,
483 1623 541 1685 per
564 1622 645 1685 quae
669 1601 765 1665 deum
789 1600 1018 1685 adgnoscimus
1042 1602 1142 1665 senti·
1156 1617 1181 1659 rs

126 1713 197 1756 mus
221 1692 401 1774 initiamus,
426 1691 578 1774 ignorare
602 1711 660 1754 nec
683 1689 733 1753 fas
756 1710 815 1753 nec
838 1689 915 1753 licet
938 1689 1143 1774 ingerentem

127 1801 198 1844 sese
226 1781 328 1844 oculis
356 1783 389 1843 et
417 1779 564 1843 sensibus
597 1777 717 1841 nostris
746 1776 916 1842 caelestem
945 1777 1142 1863 claritatem3

91 1883 107 1932 3
127 1869 289 1952 sacrilegii
313 1867 400 1930 enim
423 1866 475 1930 uel
499 1866 638 1930 maxime
662 1867 766 1930 instar
790 1869 853 1950 est,
875 1865 966 1929 humi
986 1887 1142 1949 quaerere

127 1955 213 2041 quod
245 1957 279 2019 in
311 1953 443 2019 sublimi
476 1953 593 2018 debeas
626 1954 781 2019 inuenire.
827 1975 890 2038 quo
919 1953 1024 2038 magis
1059 1955 1142 2018 mihi

127 2043 277 2108 uidentur
303 2042 359 2128 qui
385 2042 470 2106 hunc
498 2042 611 2107 mundi
640 2043 739 2108 totius
764 2045 915 2107 ornatum
938 2063 1005 2106 non
1030 2042 1180 2108 diuinare

127 2132 252 2197 ratione
272 2130 451 2215 perfectum
466 2131 592 2214 uolunt,
611 2130 667 2195 sed
683 2130 798 2196 frustis
812 2130 1005 2215 quibusdam
1019 2133 1142 2196 temere

128 2220 375 2286 cohaerentibus
408 2220 654 2304 conglobatum,
692 2223 833 2285 mentem
867 2241 997 2284 sensum
1030 2221 1141 2285 oculos

91 2309 262 2394 4denique
286 2310 375 2394 ipsos
399 2330 466 2372 non
489 2307 617 2374 habere.
651 2309 728 2392 quid
751 2309 836 2372 enim
855 2311 965 2392 potest
984 2329 1054 2372 esse
1073 2311 1142 2372 tam

128 2402 288 2483 apertum,
324 2399 393 2461 tam
427 2396 611 2462 confessum
644 2402 778 2481 tamque
810 2396 1030 2480 perspicuum,
1068 2418 1142 2461 cum

130 2487 241 2550 oculos
268 2487 304 2551 in
328 2486 451 2550 caelum
476 2486 644 2579 sustuleris
669 2489 701 2550 et
725 2507 806 2569 quae
831 2490 909 2550 sunt
931 2485 1018 2548 infra
1042 2485 1140 2550 circa-
1155 2501 1180 2542 2⁵

130 2596 192 2659 que
222 2574 425 2658 lustraueris‚
453 2596 550 2657 quam
580 2596 649 2638 esse
677 2573 806 2657 aliquod
829 2595 950 2637 numen
972 2578 1141 2657 praestan·

131 2663 277 2727 tissimae
297 2662 424 2745 mentis,
443 2684 505 2746 quo
522 2663 625 2726 omnis
644 2666 764 2727 natura
780 2662 959 2746 inspiretur
972 2666 1143 2726 moueatur

95 2765 111 2815 s
134 2751 241 2816 alatur
264 2750 484 2836 gubernetur?
508 2750 631 2815 caelum
654 2751 761 2836 ipsum
779 2749 854 2814 uide
874 2771 971 2834 quam
989 2751 1055 2813 late
1074 2753 1143 2815 ten-

133 2839 229 2924 ditur,
247 2861 344 2922 quam
363 2839 475 2924 rapide
494 2839 646 2921 uoluitur,
665 2840 718 2903 uel
737 2839 823 2924 quod
841 2839 876 2902 in
894 2842 1022 2903 noctem
1041 2839 1140 2903 astris

201 3003 217 3049 4
241 2996 458 3051 aelementis-
476 2995 599 3050 athomis
622 3000 642 3047 Ρ
664 2996 674 3063 [1
697 3000 713 3050 8
738 2995 839 3049 cuncta
861 2994 972 3050 addidit
990 2993 1135 3065 Kocbiusl

132 3071 164 3119 10
180 3065 269 3119 omnis
283 3068 397 3136 scripsi:
411 3065 564 3120 omnium?
578 3064 711 3136 (partium
724 3065 891 3134 posimnndi
900 3065 980 3120 addit
987 3065 1136 3138 Kochius)l

132 3142 164 3190 11
184 3135 338 3205 ciuitatem,
356 3137 506 3206 praecipue
525 3153 588 3191 cum
606 3152 624 3189 a
641 3135 709 3191 feris
727 3136 818 3190 beluis
832 3135 886 3192 hoo
900 3135 957 3190 diff.
971 3141 991 3187 P
1004 3140 1030 3191 ct
1048 3139 1142 3209 sculpo,

130 3209 162 3262 in
184 3224 239 3276 qao
257 3209 397 3276 scripturo
414 3224 498 3276 aeque
516 3224 616 3262 acaum
635 3224 696 3262 cam
710 3209 854 3277 prioribus
872 3209 1008 3263 causalem
1026 3225 1143 3277 opsecro

129 3295 214 3348 aeque
232 3279 312 3333 uideo
330 3280 460 3347 quomodo
479 3278 516 3333 ad
536 3278 608 3333 feras
626 3279 724 3334 beluas
742 3283 862 3347 spectare
872 3280 960 3348 possit
972 3277 1024 3332 illa
1037 3296 1143 3348 prona,-

128 3350 202 3404 andc
224 3350 296 3418 qaod
319 3365 405 3418 supra
428 3350 528 3418 lepiiar
546 3350 610 3405 dedi
627 3349 784 3419 (pecoribus
803 3352 832 3404 et
849 3351 994 3405 traiectum
1011 3350 1043 3404 iri
1061 3368 1141 3420 prae-

129 3420 210 3490 cipue
229 3424 363 3474 muratam
382 3421 429 3487 est)
448 3422 458 3488 ΙΙ
477 3425 510 3477 13
530 3423 595 3475 sunt
613 3419 809 3475 Haemonius:
831 3419 888 3474 sint
905 3420 996 3488 Psslb
1016 3422 1045 3474 et
1064 3438 1142 3477 mens

129 3492 229 3560 scripsi
243 3495 340 3560 (supro
349 3507 379 3560 p.
390 3489 504 3560 XXIX):
520 3507 610 3545 sermo
620 3490 658 3562 ΡΙΙ
669 3497 701 3545 16
716 3491 860 3544 initiamus
871 3491 984 3560 scripsi:
996 3490 1142 3546 imitamur

128 3565 176 3632 Pp
199 3567 230 3618 18
250 3561 366 3616 maximi
384 3564 423 3617 ed.
441 3579 485 3632 pr.
508 3564 518 3631 ΙΙ
541 3568 574 3617 27
594 3563 739 3617 moueatur
757 3563 790 3616 dc
807 3563 963 3630 plossemate
980 3569 1141 3631 suspectam.
