2430 3938
262 262 265 267 ,
396 209 570 265 EDITORIS
590 207 804 266 PRAEFATIO.
1056 207 1107 260 XV

95 381 178 446 quae
210 357 324 423 relicta
356 360 448 421 erant
481 356 583 420 moles
616 355 701 419 ultro
738 354 932 438 prouocauit
963 353 1110 418 uirorum

95 449 263 514 doctorum
296 467 402 525 curas,
434 443 475 508 H.
501 443 634 528 Sauppii
667 441 788 528 (Goett.
817 442 886 506 Gal.
914 444 992 506 Anu.
1023 442 1107 506 1867

92 559 123 620 p.
142 536 228 602 1992
244 531 336 621 000),
359 532 400 597 H.
415 532 552 597 Useneri
575 536 608 596 et
630 530 669 597 Β.
683 530 855 595 Dombarti
878 535 911 595 et
934 531 959 595 I.
978 530 1109 614 Machly

95 624 264 711 (Fleckeis.
285 644 359 687 ann.
376 622 460 686 1869
485 645 514 704 p.
529 621 594 685 393
609 616 705 706 sqq.),
726 620 763 683 Ε.
780 619 993 683 Klussmanni
1014 614 1109 705 (mus.

92 713 194 778 Rhen.
219 734 248 778 a.
269 712 354 776 1868
382 733 413 793 p.
436 709 502 774 543
527 713 559 773 et
583 709 698 773 Philol.
721 706 850 772 XXXV
872 731 903 791 p.
927 709 993 772 206
1017 704 1109 794 000),
1192 751 1195 754 «

93 800 135 866 Η.
159 802 199 867 Α.
221 798 341 864 Kochii
365 799 461 883 (mus.
484 797 586 862 Rhen.
611 821 639 862 a.
660 797 745 862 1873
769 820 799 880 p.
819 797 886 862 615
905 798 1002 881 sqq.),
1030 797 1109 860 0110·

93 913 174 954 rum.
216 909 312 972 porro
341 887 392 951 bis
420 891 497 970 post
525 886 692 950 Halmium
720 885 825 950 editus
855 890 905 949 est
931 883 1108 950 Minucius:

95 1001 114 1042 a
132 976 169 1042 B.
185 976 364 1041 Dombarto
384 996 450 1040 una
469 997 541 1039 cum
562 975 707 1039 uersione
727 974 911 1058 germanica
928 973 1109 1060 (Erlangae

97 1063 210 1149 1881),
240 1069 272 1127 01
299 1065 339 1127 01)
364 1062 388 1126 l.
412 1063 437 1128 1.
460 1062 688 1128 0000011000οο
713 1061 877 1147 (Lugduni
900 1061 973 1126 Bat.
1000 1058 1109 1148 1882).

161 1152 234 1236 Ego
266 1151 349 1235 ipse,
384 1152 440 1236 qni
476 1153 541 1215 iam
578 1153 613 1215 in
650 1151 845 1216 lectionibus
881 1151 961 1214 meis
997 1152 1108 1215 latinis

94 1237 243 1323 (Bonnae
271 1262 298 1304 a.
324 1240 411 1305 1870
438 1263 469 1323 p.
493 1241 536 1304 22
561 1237 646 1327 sqq.)
675 1239 839 1324 specimen
868 1240 1048 1305 studiorum
1075 1239 1109 1302 in

19 1380 24 1388 .
92 1327 235 1393 Minucio
255 1328 436 1412 positorum
456 1328 549 1410 edidi,
567 1336 698 1412 postero
716 1333 872 1412 tempore,
890 1328 946 1392 ubi
965 1328 1109 1392 animum

95 1438 114 1480 a
137 1417 343 1501 grauioribus
365 1417 519 1500 operibus
543 1417 757 1502 defatigatum
781 1418 1015 1501 aliquantisper
1037 1416 1108 1481 refi-

93 1527 165 1569 cere
192 1509 288 1588 atque
316 1527 462 1570 recreare
490 1505 611 1589 lubuit,
640 1507 768 1589 saepius
793 1507 833 1570 ad
857 1503 1035 1568 Minucium
1059 1525 1109 1568 re-

93 1593 188 1676 curri,
210 1593 295 1657 unde
319 1594 478 1676 paulatim
502 1593 596 1676 larga
618 1595 758 1657 subnata
778 1597 827 1656 est
846 1591 1108 1657 emendationum

94 1701 196 1765 seges.
233 1702 367 1764 quarum
391 1680 584 1764 potissimas
607 1703 695 1746 more
719 1682 753 1745 10
775 1680 838 1745 hoc
862 1682 1020 1763 scriptore
1043 1681 1109 1744 iam

94 1769 248 1833 sollemni
271 1769 317 1833 eis
342 1791 424 1853 quae
448 1774 599 1833 secuntur
622 1770 761 1854 pagellis
783 1769 956 1833 defendam
981 1791 1108 1834 accura-

93 1857 168 1935 tius,
191 1861 371 1922 ceterarum
395 1858 430 1922 in
454 1861 614 1941 apparatu
638 1859 780 1923 breuiter
803 1857 986 1922 redditurus
1010 1859 1109 1922 ratio-

92 1967 175 2010 nem.
223 1947 342 2031 ubique
376 1949 486 2011 autem
519 1946 600 2010 mihi
632 1950 757 2011 textum
790 1946 1000 2012 constituenti
1034 1951 1108 2012 ante

93 2034 203 2099 oculos
232 2039 284 2099 001
311 2039 476 2099 uersatum
505 2057 637 2100 aureum
666 2035 692 2102 Ι.
714 2035 766 2101 Fr.
791 2035 962 2120 Gronouii,
991 2035 1109 2100 summi

94 2122 252 2186 sermonis
275 2122 370 2186 latini
394 2124 640 2207 existimatoris,
669 2125 790 2189 dictum
816 2125 916 2205 [obss.
940 2125 974 2188 in
998 2125 1108 2190 000100.

92 2231 124 2292 p.
138 2209 202 2273 589
212 2209 392 2290 Frotsch.]:
412 2214 518 2276 omuiu
536 2218 613 2276 ceute
631 2215 704 2292 etus,
723 2215 758 2277 iu
776 2213 887 2295 quotus
904 2215 1052 2294 quomodo
1068 2213 1108 2277 lc-

89 2298 224 2381 peudum
251 2298 305 2380 sit,
332 2319 395 2362 000
419 2300 596 2382 0061011ον,
623 2301 680 2365 laus
702 2301 814 2365 habeut
835 2302 974 2365 uirtutes.
1015 2321 1108 2382 orpu-

92 2388 229 2450 000100
256 2387 377 2468 luperca,
408 2387 467 2450 illu
493 2407 621 2469 quoquc,
648 2408 727 2469 quuc
755 2389 852 2452 labem
880 2394 1109 2467 0001νο000οέ,

91 2476 139 2540 iu
160 2493 223 2538 csse
244 2477 394 2558 0000οᾱ0,
416 2479 453 2539 01
473 2477 589 2540 00010
608 2477 751 2540 Mtuucio
770 2478 949 2541 Minucium
967 2497 1108 2562 quaeras,

95 2563 324 2628 Tertullianum
339 2569 397 2628 uut
412 2566 552 2646 quemuis
565 2566 768 2630 durissimum
782 2565 937 2647 Afrorum
954 2567 1107 2632 iuuentus.

92 2651 155 2717 hoa
178 2673 277 2715 unum
301 2652 393 2735 addo,
417 2675 467 2717 me
491 2653 525 2716 in
548 2654 635 2718 notis
658 2655 764 2719 textui
787 2655 941 2719 subiectis
965 2658 1108 2719 tantum-

93 2739 190 2805 modo
219 2741 338 2804 electas
366 2742 510 2806 uirorum
543 2742 712 2807 doctorum
745 2744 943 2808 coniecturas
974 2743 1108 2808 adnota-

93 2828 193 2912 uisse3
218 2850 330 2892 omnes
354 2830 409 2912 qui
433 2830 522 2895 uolet
544 2853 685 2915 noscere,
710 2855 748 2897 ex
772 2832 912 2896 editione
931 2831 1108 2898 Halmiana

94 2921 151 2981 aut
173 2938 212 2980 ex
237 2916 520 2983 dissertationibus
544 2919 695 2984 indicatis
718 2924 818 3005 petat.

160 3027 186 3071 c.
207 3007 240 3084 1,
263 3007 284 3070 4
311 3027 374 3071 000
401 3008 518 3088 respuit
544 3011 688 3074 comitem.
731 3010 770 3072 ad
794 3009 874 3073 haec
898 3031 970 3072 cum
998 3013 1106 3074 mente

94 3093 301 3177 suppleamus
327 3095 401 3159 ‘me'
425 3092 615 3178 (falsissime
646 3104 754 3161 autem
782 3099 882 3162 uertit
905 3097 1106 3162 Dombartus

93 3180 256 3267 ε10000010
280 3204 315 3246 er
338 3184 399 3248 mir
426 3184 517 3248 nicht
541 3185 597 3249 das
622 3184 758 3250 Geleite'
782 3187 882 3251 uerba
910 3187 1105 3272 germanica,

93 3274 129 3334 ut
154 3292 257 3355 saepe,
281 3272 434 3337 exhibens
459 3296 478 3337 a
501 3273 611 3338 latinis
635 3277 731 3358 plane
754 3275 889 3359 diuersa,
913 3277 974 3339 etsi
996 3274 1106 3339 sensui

93 3357 334 3446 congruentia),
362 3384 514 3445 peruersa
542 3363 653 3426 existit
683 3365 860 3448 sententia,
890 3364 1049 3447 siquidem
1077 3364 1106 3426 is

94 3447 148 3530 qui
171 3450 263 3530 prior
286 3450 458 3515 consilium
488 3450 618 3534 aliquod
646 3454 744 3536 cepit,
774 3455 842 3517 eius
866 3454 1020 3516 comitem
1049 3451 1105 3515 ali·

94 3555 187 3617 quem
210 3558 274 3602 non
298 3540 430 3622 respuit.
467 3539 558 3622 prior
576 3543 683 3605 autem
704 3544 788 3605 teste
806 3542 862 3605 illo
882 3537 1106 3624 ‘emergerem'
