2430 3938
499 17 549 60 ‚5

410 208 590 266 OCTAVIUS
611 226 633 264 c.
653 214 696 265 36.
715 215 758 265 37.
1044 208 1086 273 57

76 360 109 419 et
144 357 307 419 tormenta
344 355 561 439 componitur,
597 375 670 419 cum
703 354 875 438 strepitum
908 354 1023 418 mortis
1057 356 1090 418 ct

74 444 242 508 horrorem
260 443 404 508 inridens
423 442 566 508 carnifici
584 465 618 507 se
637 442 788 526 inculcat,
812 465 885 508 oum
903 442 1088 507 libertatem

76 553 169 596 suam
190 531 347 597 aduersus
370 552 462 617 reges
487 534 520 596 et
541 531 703 616 principes
725 531 830 617 erigit,
853 551 923 596 oum
947 531 1009 596 soli
1028 531 1088 596 deo

75 620 165 684 cuius
194 623 244 685 est
271 620 367 704 cedit,
400 642 472 685 cum
504 620 724 703 triumphator
751 623 784 684 ct
811 621 915 685 uictor
941 620 1005 703 ipsi
1032 620 1089 704 qui

48 708 248 774 suduersum
272 731 306 773 se
329 709 523 774 sententiam
547 708 629 773 dixit
647 708 798 773 insultat!
828 709 908 774 uicit
927 709 1014 772 enim
1033 708 1089 794 qui

75 797 161 881 quod
193 798 358 862 contendit
386 797 534 862 obtinuit
580 797 650 877 quis
679 818 748 861 non
775 798 868 863 miles
896 798 956 862 sub
986 797 1123 866 oculisa

74 886 280 968 imperatoris
304 886 457 951 audacius
480 885 659 970 periculum
682 887 861 970 prouocet?
883 908 978 951 nemo
1002 886 1088 950 enirn

73 974 253 1057 praemium
281 975 420 1059 percipit
448 979 523 1039 ante
547 975 811 1059 experimentum.
856 978 890 1039 et
910 976 1089 1059 imperator

73 1064 183 1127 tamen
203 1063 287 1147 quod
307 1086 374 1128 non
392 1064 501 1149 habet,
518 1084 585 1128 non
603 1063 672 1127 dat:
695 1083 761 1128 non
780 1067 890 1147 potest
907 1084 1088 1148 propagare

34 1175 61 1216 10
74 1151 191 1234 uitam,
214 1155 324 1235 potest
346 1153 521 1217 honestare
544 1151 708 1216 militiam.
753 1158 787 1216 at
810 1152 897 1216 enim
922 1152 972 1216 dei
996 1153 1088 1216 miles
1107 1171 1123 1220 3

74 1260 134 1304 nco
161 1241 196 1303 in
225 1240 335 1305 dolore
363 1241 521 1305 deseritur
547 1262 606 1305 nec
636 1243 741 1305 morte
762 1241 884 1306 finitur.
926 1242 973 1305 sic
997 1238 1088 1305 Ohri·

75 1329 201 1392 stianus
225 1330 324 1393 miser
346 1329 450 1393 uideri
474 1333 598 1413 potest,
620 1350 687 1394 non
708 1333 818 1413 potest
840 1330 987 1394 inueniri.
1028 1351 1089 1393 uos

73 1415 138 1500 ipsi
171 1417 380 1482 calamitosos
408 1417 497 1482 uiros
524 1417 617 1482 fertis
645 1417 685 1481 ad
714 1419 853 1501 caelum,
885 1423 921 1483 ut
946 1417 1089 1482 Mucium

75 1503 278 1589 Scaeuolam,
302 1506 366 1591 qui,
389 1528 464 1571 cum
487 1509 626 1571 errasset
647 1506 682 1569 in
706 1526 791 1591 rege,
814 1505 952 1589 perisset
974 1507 1009 1569 in
1031 1506 1089 1570 ho·

33 1617 60 1658 15
75 1594 190 1676 stibus,
215 1594 279 1658 nisi
302 1595 468 1658 dexteram
491 1593 692 1678 perdidisset.
734 1598 769 1658 at
792 1597 872 1678 quot
895 1616 934 1658 ex
956 1596 1089 1679 nostris,
1108 1613 1125 1661 1

73 1704 140 1746 non
159 1682 305 1746 dextram
324 1682 431 1746 solum
450 1683 511 1766 uri⁷
532 1681 588 1746 sed
606 1684 711 1747 totum
730 1705 847 1766 corpus
866 1683 1002 1748 cremari
1021 1684 1089 1747 sine

74 1770 151 1834 ullis
181 1770 356 1835 eiulatibus
389 1770 606 1855 pertulerunt,
639 1792 711 1835 cum
744 1771 866 1836 dimitti
897 1771 1090 1854 pracsertim

72 1858 232 1925 haberent
254 1859 289 1923 in
312 1882 371 1924 sua
393 1860 571 1945 potestate!
601 1858 690 1924 uiros
713 1881 786 1925 cum
808 1859 915 1925 Mucio
939 1860 993 1924 uel
1017 1882 1089 1925 cum

75 1947 208 2032 Aquilio
240 1951 298 2013 sut
325 1948 452 2034 Regulo
485 1948 661 2032 comparo?
701 1948 795 2034 pueri
822 1952 856 2014 et
882 1948 1124 2016 mulierculae5

34 2060 61 2099 so
74 2039 206 2101 nostrae
229 2058 340 2103 cruces
364 2041 397 2103 et
419 2041 595 2119 tormenta,
616 2037 702 2103 feras
726 2042 759 2103 et
782 2059 893 2103 omnes
916 2038 1088 2122 supplicio-

73 2147 146 2189 rum
182 2125 354 2190 terriculas
391 2126 554 2210 inspirata
586 2126 745 2210 patientia
777 2126 896 2191 doloris
928 2127 1088 2191 inludunt.

73 2235 133 2278 nec
155 2212 364 2298 intellegitis,
387 2237 406 2279 o
430 2215 555 2298 miseri,
577 2215 741 2280 neminem
766 2236 836 2280 esse
860 2216 915 2298 qui
939 2219 995 2279 aut
1019 2215 1124 2282 sines

73 2302 200 2365 ratione
233 2301 314 2365 uelit
345 2323 485 2385 poenam
517 2303 624 2367 subire
658 2307 714 2366 sut
741 2306 904 2367 tormenta
931 2303 1000 2368 sinc
1029 2303 1089 2368 deo

74 2390 181 2473 possit
213 2390 385 2454 sustinere:
417 2390 482 2454 nisi
514 2389 598 2455 forte
628 2411 687 2454 uos
716 2391 849 2474 decipit,
881 2392 966 2476 quod
994 2392 1124 2460 deums

34 2499 60 2542 rs
74 2479 257 2544 nescientes
278 2478 402 2543 diuitiis
422 2477 555 2560 afluant,
577 2478 756 2544 honoribus
774 2479 920 2563 floreant,
943 2481 1090 2564 polleant

73 2566 301 2651 potestatibus.
343 2567 452 2631 miseri
479 2568 515 2631 in
537 2567 599 2632 hoe
623 2567 722 2632 altius
745 2568 919 2650 tolluntur,
947 2573 984 2634 ut
1007 2569 1091 2634 deci-

74 2657 153 2720 dant
176 2656 283 2721 altius.
319 2656 355 2720 hi
380 2657 466 2721 enim
488 2659 526 2720 ut
549 2656 702 2721 uictimae
726 2656 767 2721 ad
791 2657 986 2741 supplicium
1006 2657 1091 2740 sagi-

73 2749 202 2830 nantur,
220 2748 258 2809 ut
275 2744 403 2809 hostiae
421 2745 459 2808 ad
480 2766 618 2828 poenam
638 2750 843 2810 coronantur.
875 2746 910 2809 in
928 2745 991 2810 hoc
1010 2746 1089 2810 adeo

76 2834 205 2918 quidam
246 2833 393 2917 imperiis
436 2855 473 2898 ac
510 2834 787 2898 dominationibus
825 2834 1012 2918 eriguntur,
1053 2839 1089 2899 ut

146 3067 170 3128 1,
185 3066 201 3115 2
220 3061 319 3115 mortis
338 3064 368 3115 ct
385 3061 529 3115 horrorem
549 3060 685 3116 carnificis
704 3060 839 3131 inripiens
854 3062 914 3130 (doc
927 3077 996 3117 corr.
1014 3060 1089 3118 Gele-

72 3133 147 3201 nius)
167 3132 292 3186 inculcat
304 3136 333 3199 1³,
351 3133 458 3187 correxi
476 3134 517 3201 (sc
535 3130 598 3199 inc,
616 3132 690 3187 ultro
707 3149 735 3187 ss
753 3134 832 3199 offert
848 3134 932 3188 minis
945 3135 1090 3203 suppliciis

72 3203 222 3272 tormentis)
231 3202 266 3274 {ld
282 3219 345 3257 cum
359 3203 457 3258 addidi
484 3207 500 3256 b
515 3202 635 3258 insultat
643 3204 683 3258 sd.
693 3203 1090 3275 pr.:stultatl’tl10adenim

72 3278 92 3325 1³
110 3275 248 3344 m.1ss18
269 3276 301 3328 ut
319 3274 430 3329 addidit
476 3290 628 3329 ecmannus
641 3275 651 3344 l
666 3279 700 3328 14
719 3274 893 3329 sceuolaml’
909 3279 913 3342 ι
929 3291 995 3345 rege
1013 3276 1089 3329 Heu-

71 3360 328 3416 mondus:‚regom
356 3349 377 3396 Ρ
401 3346 411 3414 ss
440 3349 473 3398 15
502 3345 533 3398 at
559 3360 620 3414 syo.-
647 3348 676 3399 et
702 3346 754 3415 1³ss
783 3350 816 3401 16
845 3346 970 3401 dextram
999 3347 1090 3400 solum

72 3415 122 3471 sed
150 3415 242 3470 totum
272 3433 372 3486 eorpus
400 3415 444 3469 uri
473 3414 591 3470 orsmari
614 3420 646 3482 Ἐς
676 3416 719 3470 uri
743 3418 853 3472 traiecit
875 3417 1058 3472 Heumauuus
1081 3416 1091 3488 tt

74 3493 107 3542 1⁷
132 3485 286 3598 disrrpittiP
308 3490 318 3557 ΙΙ
342 3493 377 3541 24
399 3487 491 3556 possit
512 3487 554 3541 sd.
577 3503 638 3556 pa:
666 3503 749 3555 posse
767 3492 787 3539 1³
809 3489 819 3558 u
843 3492 876 3542 17
895 3486 926 3540 hi
945 3486 1032 3558 enim]
1052 3504 1090 3542 aa

73 3556 196 3614 etenim.
