2430 3938
466 205 646 262 OCTAVIUS
665 224 688 263 c.
708 213 750 262 21.
770 211 813 262 22.
1106 205 1149 270 33

133 356 167 417 et
186 355 282 416 natos
301 352 440 437 legimus
460 355 492 416 et
512 355 656 417 mortuos
677 353 804 417 scimus
836 353 882 433 [et
901 351 1039 436 despicis
1053 351 1148 417 Isidis

134 439 177 505 ad
199 439 414 523 hirundinem,
438 441 581 524 sistrum,
604 444 637 505 et
661 440 823 525 adsparsis
844 439 999 505 membris
1018 440 1148 505 inanem

132 529 182 593 tui
202 526 365 612 Serapidis
390 529 458 593 siue
479 528 581 593 Osiris
604 530 787 610 tumulum]
822 529 991 594 considera
1012 528 1200 614 denique22

134 639 228 682 sacra
255 617 327 700 ipsa
355 620 388 681 et
414 616 486 700 ipsa
517 617 686 701 mysteria:
718 617 864 682 inuenies
894 618 999 682 exitus
1027 619 1148 702 tristes,

102 706 204 770 cfata
233 708 265 769 et
294 705 410 771 funera
439 708 471 770 et
503 706 609 771 luctus
643 709 739 790 atque
772 705 923 790 planctus
956 705 1146 773 miserorum

133 795 275 860 deorum.
317 794 379 858 Isis
407 795 570 878 perditum
598 794 701 859 filium
729 817 802 859 cum
830 791 1060 880 Cynocephalo
1089 817 1147 861 suo

134 887 167 947 et
190 883 293 948 calais
318 883 539 948 sacerdotibus
562 884 655 969 luget
675 883 804 968 plangit
823 883 977 967 anquirit,
1000 887 1033 948 et
1051 883 1148 950 Isiaci

132 971 244 1036 miseri
259 971 397 1036 caedunt
415 976 548 1057 pectora
562 975 595 1036 et
610 971 754 1036 dolorem
773 971 1014 1037 infelicissimae
1033 972 1147 1036 matris

133 1060 316 1124 imitantur:
340 1083 415 1125 mox
438 1062 572 1125 inuento
595 1060 733 1144 paruulo
757 1060 879 1146 gaudet
900 1060 977 1143 lsis,
1001 1062 1148 1125 exultant

90 1167 120 1208 ιο
134 1149 332 1232 sacerdotes,
361 1146 610 1233 Cynocephalus
638 1149 788 1213 inuentor
816 1148 986 1234 gloriatur,
1013 1170 1072 1213 nec
1095 1149 1148 1214 de·

133 1238 245 1302 sinunt
269 1238 364 1302 annis
389 1239 538 1303 omnibus
563 1239 614 1302 uel
637 1237 771 1321 perdere
795 1237 880 1322 quod
903 1237 1072 1301 inueniunt
1093 1239 1147 1303 uel

132 1325 279 1390 inuenire
298 1326 384 1411 quod
404 1326 550 1411 perdunt.
582 1348 689 1390 nonne
707 1326 878 1390 ridiculum
897 1329 947 1390 est
965 1326 1017 1390 uel
1035 1327 1146 1410 lugere
1166 1344 1182 1393 2

134 1414 218 1499 quod
260 1416 348 1480 colas
389 1417 441 1479 uel
479 1417 583 1480 colere
621 1414 705 1500 quod
742 1413 878 1498 lugeas?
918 1414 998 1478 haec
1035 1417 1146 1478 tamen

132 1503 299 1588 Aegyptia
318 1504 481 1588 quondam
505 1525 596 1568 sacra
614 1523 701 1567 nunc
721 1506 753 1567 et
771 1503 919 1567 Romana
937 1506 1023 1567 sunt.
1051 1500 1147 1566 Ceres

90 1608 119 1650 15
132 1589 259 1656 facibus
283 1592 426 1656 accensis
450 1595 482 1654 et
506 1595 655 1674 serpente
679 1591 786 1655 currui
809 1592 919 1654 iuncta
936 1589 1044 1654 Erebo
1071 1593 1146 1654 sub-

130 1685 259 1763 reptam
283 1685 316 1743 et
339 1684 524 1762 corruptam
541 1679 693 1743 Liberam
717 1679 812 1743 anxia
836 1682 869 1741 et
891 1678 1031 1742 sollicita
1049 1681 1147 1744 uesti·
1180 1756 1182 1760 ,

131 1773 204 1854 gat:
232 1767 312 1832 haec
341 1771 417 1832 sunt
439 1766 615 1833 Eleusinia.
651 1771 684 1831 et
707 1788 789 1852 quae
811 1766 899 1831 Iouis
928 1788 1020 1831 sacra
1049 1767 1180 1834 sunt?3

131 1856 243 1920 nutrix
271 1857 395 1940 capella
424 1861 474 1921 cst
501 1860 535 1921 et
563 1855 657 1922 auido
684 1856 772 1940 patri
800 1855 1002 1920 subtrahitur
1027 1856 1146 1940 infans,

131 1967 173 2009 ne
197 1951 338 2029 uoretur,
361 1950 395 2010 et
418 1944 641 2030 Corybantum
665 1944 833 2029 cymbalis
855 1966 896 2009 ne
919 1947 1012 2027 pater
1036 1945 1147 2010 audiat

90 2052 118 2093 aa
131 2035 273 2118 uagitus,
292 2035 406 2099 tinitus
421 2035 558 2100 eliditur.
584 2033 723 2118 Cybelae
738 2032 904 2118 Dindyma
917 2034 1017 2118 pudet
1031 2035 1146 2117 dicere,
1164 2052 1182 2100 4

132 2144 215 2207 quae
248 2122 431 2188 adulterum
464 2145 557 2187 suum
589 2123 762 2188 infeliciter
789 2122 960 2208 placitum,
994 2123 1145 2208 quoniam

131 2211 204 2294 ipsa
222 2215 254 2274 et
269 2210 423 2275 deformis
443 2215 476 2275 et
494 2213 612 2294 uetula,
630 2216 667 2275 ut
685 2212 862 2276 multorum
881 2211 1014 2276 deorum
1034 2215 1146 2294 mater,

132 2300 173 2363 ad
201 2303 349 2383 stuprum
376 2299 507 2363 inlicere
534 2320 600 2364 non
628 2304 772 2383 poterat,
801 2300 958 2382 exsecuit,
986 2303 1024 2363 ut
1051 2298 1145 2363 deum

133 2387 258 2453 scilicet
288 2388 409 2452 faceret
437 2391 469 2452 et
497 2387 686 2452 eunuchum.
728 2391 861 2472 propter
887 2386 973 2451 hanc
1001 2386 1145 2452 fabulam

93 2493 119 2535 aa
135 2498 205 2541 eam
234 2480 267 2541 et
296 2476 382 2541 Galli
410 2476 553 2541 semiuiri
578 2476 628 2540 sui
660 2475 805 2559 corporis
838 2474 995 2559 supplicio
1026 2476 1145 2542 colunt.

206 2639 274 2688 1-3
289 2634 375 2688 narba
389 2636 418 2688 et
431 2633 552 2703 despicis
566 2632 649 2689 Isidis
660 2663 693 2672 -
704 2632 792 2688 Osiris
806 2632 947 2686 tumulum
961 2634 1145 2701 fracmentnm

133 2719 187 2758 ease
207 2710 276 2773 pato
299 2705 495 2774 additamenti,
517 2705 590 2775 qnod
612 2704 694 2759 lector
715 2704 881 2759 christianas
899 2704 931 2757 in
948 2718 1054 2757 samma
1072 2720 1144 2758 mar·

132 2775 195 2844 pina
218 2792 251 2829 ea
269 2777 326 2830 atio
344 2777 476 2843 scriptore
494 2777 531 2830 ant
549 2780 699 2844 aequantem
716 2775 749 2830 da
768 2775 846 2830 Iside
864 2775 1052 2828 narrationem
1071 2775 1145 2829 adic-

133 2850 206 2900 cerat
229 2847 362 2915 (pennina
384 2847 612 2914 fortassctforma
630 2848 695 2901 naec
712 2851 785 2901 erat:
805 2887 811 2900 .
828 2887 833 2899 .
849 2889 855 2901 .
872 2885 877 2897 .
896 2843 978 2898 Isidis
998 2845 1034 2899 ad
1052 2845 1146 2899 hirun-

134 2916 227 2970 dinem
247 2918 276 2970 et
294 2918 329 2972 de
348 2917 432 2986 spicis
451 2916 567 2972 sistrum
585 2918 615 2970 et
633 2916 670 2971 ad
688 2918 792 2986 sparsis
811 2914 944 2969 membris
960 2915 1071 2969 inanem
1086 2916 1146 2970 siae

134 2988 160 3040 S.
180 2985 240 3042 siue
260 2987 291 3043 Ο.
310 2987 461 3057 tumulum)
475 2992 485 3057 ΙΙ
504 2994 520 3043 6
540 2988 700 3056 cynocetalo
719 2994 747 3055 Ρ,
766 2991 798 3041 nt
816 2992 840 3042 at
858 2992 951 3055 postca
964 2987 1003 3055 {tt
1023 2987 1147 3056 anquirit

132 3057 278 3114 Halmius:
301 3058 457 3129 inquirit?
479 3061 489 3130 ss
513 3066 546 3114 14
570 3059 711 3128 quondam
735 3075 808 3112 nunc
832 3060 861 3113 et
883 3074 961 3112 sacra
982 3074 1099 3112 romana
1117 3064 1146 3128 1³,

132 3131 229 3185 traieci
242 3132 252 3199 t
267 3136 299 3184 15
319 3130 447 3200 serpente
462 3131 555 3185 currui
568 3130 665 3185 iuncta
679 3129 736 3199 (ab)
750 3127 841 3183 Erebo
855 3129 955 3198 scripsi
967 3129 998 3184 in
1013 3128 1145 3184 Flectere.

132 3205 285 3255 ann.1872
300 3218 331 3271 p.
347 3208 411 3257 632:
430 3203 557 3272 serpente
576 3199 750 3256 circumdata
768 3205 895 3254 errore?
914 3199 1089 3267 (circumlata
1104 3201 1145 3255 ed.

129 3273 186 3340 pr.)
209 3271 218 3341 ΙΙ
241 3278 275 3327 20
294 3273 393 3327 tinitus
411 3289 459 3342 epo
479 3271 610 3342 (tinnitus
631 3269 926 3340 serentapicum
952 3274 956 3339 Ι
982 3271 1080 3340 cybele
1098 3277 1118 3322 1³
1135 3270 1145 3340 tt

132 3347 166 3397 22
186 3343 248 3412 ipsa
266 3346 296 3398 et
313 3344 511 3400 Heumannns:
530 3347 558 3398 et
576 3343 639 3412 ipsa
657 3349 677 3395 Ρ
694 3344 704 3412 l
724 3348 759 3397 24
777 3341 884 3397 faceret
903 3342 932 3396 et
950 3343 1106 3397 eunuchum
1125 3347 1145 3393 Ρ

131 3413 173 3467 ita
192 3419 223 3470 nt
241 3431 349 3470 erasnm
367 3417 405 3470 sr‘t
422 3417 459 3483 et,
479 3416 552 3486 qnod
570 3418 616 3484 (=
631 3413 728 3483 etiam)
743 3414 787 3468 hic
801 3414 911 3468 minime
925 3412 1145 3483 incommodant

132 3488 167 3538 25
186 3501 248 3539 eam
270 3488 299 3541 et
318 3484 393 3540 Galli
412 3489 480 3555 (aiae
498 3489 528 3542 et
543 3485 618 3541 Galli
637 3488 710 3555 eam)
727 3485 841 3553 scripsit
860 3482 934 3538 Galli
953 3499 1015 3537 eam
1035 3484 1096 3537 etl’
1115 3485 1145 3536 et

131 3556 200 3610 delet
218 3555 409 3612 Heumannns.

185 3655 308 3696 Mirucrus
323 3657 413 3709 Facrx,
427 3657 462 3698 ed.
475 3657 624 3700 Baehrens.
971 3647 985 3694 3
