2430 3938
156 208 261 263 XXXII
460 207 629 264 EDITORIS
649 208 863 266 PRAEFATIO.

158 352 376 439 aufgefunden
399 350 447 440 (?)
473 353 539 417 und
569 353 631 417 den
657 353 835 418 Menschen
868 353 1011 418 dadurch
1038 353 1168 420 Nutzen

156 441 313 526 geschafft
340 440 468 506 haben'.
509 462 629 526 ergone
653 441 812 506 ‘errando'
840 441 894 506 hic
921 443 1030 506 ualere
1058 448 1168 526 potest

156 530 203 594 ‘in
226 528 424 595 erroribus'?
455 534 492 593 tu
515 551 592 594 uero
616 529 686 595 dele
713 533 818 594 totam
844 529 926 594 illud
949 529 1097 594 ‘errando
1121 532 1169 596 in-

154 619 262 683 uentis
285 619 380 683 nouis
404 617 565 703 frugibus’
583 621 620 683 ut
642 618 773 683 lectoris
796 618 901 682 nostri
920 618 1090 683 christiani
1114 619 1167 684 ad-

154 707 357 771 notationem
376 706 589 791 marginalem
608 705 648 770 ad
666 707 767 770 uerba
784 707 1010 790 praecedentia
1029 706 1167 773 ‘Cereris

154 792 367 877 Eleusiniac'3
399 794 505 859 uoluit
532 797 640 859 autem
666 795 721 859 ille
749 795 857 858 uerbis
885 800 1000 878 postea
1027 794 1167 861 fortasse

154 883 309 947 breuiatis
337 883 399 946 hoc
428 882 547 965 dicere,
574 880 735 964 Cererem,
764 903 837 947 eum
862 880 997 947 Eleusin
1024 883 1169 949 uenisset

155 971 307 1050 errando,
334 971 474 1036 inuentis
496 970 592 1034 nouis
614 970 764 1055 frugibus
789 971 917 1035 diuinos
941 971 987 1035 ibi
1009 972 1166 1037 meruisse

154 1059 302 1124 honores.
325 1058 455 1142 iamque
478 1058 603 1142 reliqua
626 1058 793 1123 ‘Prodicus
818 1059 1008 1143 adsumptos
1031 1059 1065 1123 in
1088 1059 1167 1125 deos

153 1147 307 1230 loquitur,
330 1147 385 1230 qui
407 1146 544 1211 utilitati
566 1147 735 1212 hominum
758 1146 959 1231 profuerunt'
979 1169 1077 1231 quam
1099 1149 1168 1214 sint

154 1235 264 1300 inania
290 1238 365 1321 post
387 1234 563 1300 Euhemeri
589 1235 687 1319 plane
711 1236 821 1303 eadem
845 1236 1005 1299 tradentis
1029 1238 1166 1303 mentio·

154 1344 238 1407 nem,
261 1325 365 1389 multo
389 1324 494 1409 magis
517 1328 666 1407 apparet,
689 1326 726 1387 ut
747 1323 817 1388 iure
840 1328 953 1388 nostro
976 1324 1166 1389 insistamus

153 1412 202 1476 illi
235 1412 443 1496 dubitationi,
475 1433 539 1496 qua
569 1434 648 1476 num
677 1410 840 1477 Minucius
869 1410 1033 1476 Ciceronis
1066 1414 1167 1478 uerba

155 1500 362 1585 apertissima
389 1501 433 1583 (d.
451 1523 482 1565 n.
502 1500 530 1565 d.
550 1500 566 1564 I
589 1501 647 1584 42,
668 1496 746 1586 118)
770 1499 923 1565 Prodicus
945 1551 952 1564 .
972 1550 979 1564 .
998 1550 1006 1566 .
1028 1521 1065 1567 ea
1087 1522 1167 1584 quac

148 1590 328 1670 prodessent
348 1588 507 1654 bominum
529 1590 614 1654 uiae
634 1591 760 1654 dmum
782 1590 818 1654 ia
834 1609 961 1653 numero
979 1588 1086 1654 babitu
1103 1610 1168 1656 csse

153 1678 236 1743 dicit
251 1682 320 1742 tam
334 1699 486 1761 peruerse
501 1677 646 1761 accipere
660 1677 803 1760 potuerit
816 1677 1022 1762 ambigimus.
1051 1700 1166 1762 sapere

154 1786 232 1851 ergo
256 1767 338 1830 aude
362 1770 459 1850 atque
482 1767 616 1830 restitue
640 1766 673 1830 id
692 1788 756 1850 quo
777 1767 843 1830 iam
866 1769 974 1831 rectus
998 1767 1038 1831 ab
1058 1765 1167 1832 Euhe-

154 1875 243 1918 mero
263 1854 303 1918 ad
322 1853 492 1918 Prodicum
511 1858 544 1919 et
562 1854 736 1918 Persaeum
758 1875 949 1940 progressus
971 1855 1167 1941 restituitur,

155 1940 212 2006 sed
244 1942 330 2025 quod
364 1942 557 2006 emblemate
575 1943 689 2006 ‘semel
720 1943 847 2025 inlapsu
871 1964 947 2007 mox
975 1943 1169 2008 correctoris

154 2030 274 2094 malam
302 2051 435 2094 manum
459 2033 627 2115 expertum
651 2035 714 2096 est:
742 2029 811 2094 ‘Pa
835 2031 1006 2114 adsumpta
1030 2031 1065 2095 in
1088 2032 1166 2098 deos

155 2118 299 2201 loquitur
322 2140 404 2202 quae
426 2118 563 2184 utilitati
585 2118 755 2183 hominum
778 2118 996 2204 profuerunt'.

220 2228 246 2271 o.
270 2208 366 2290 21,7
400 2207 513 2272 Terrae
538 2209 621 2272 caim
648 2209 697 2272 acl
724 2207 810 2274 Cocli
840 2208 939 2291 filicis,
971 2208 1053 2289 qaod
1083 2209 1170 2290 opud

153 2294 254 2360 Italos
275 2300 352 2361 essct
372 2297 485 2378 ipnotis
502 2296 683 2378 parentebus
699 2298 852 2378 proditus,
874 2302 910 2361 ut
931 2298 967 2360 in
984 2296 1167 2362 hodienum

153 2385 234 2448 diem
260 2384 421 2468 inopinato
446 2385 532 2450 uisos
557 2386 639 2451 caclo
666 2387 788 2467 missos,
820 2385 966 2468 cbaobtles
991 2389 1022 2450 ct
1048 2387 1167 2469 metm

153 2477 253 2536 arrae
274 2473 358 2555 filios
378 2473 587 2538 nominamus,
624 2494 689 2538 non
712 2474 815 2556 probo
839 2473 893 2537 hic
907 2472 1044 2538 Useneri
1067 2474 1166 2539 ratio·

152 2581 241 2643 nem,
269 2562 324 2644 qui
353 2560 526 2625 editionem
553 2562 732 2645 principem
761 2564 888 2625 secutus
917 2559 973 2625 ‘et'
1001 2584 1060 2646 pro
1089 2560 1165 2626 ‘uel’

152 2649 306 2713 restituit
343 2650 443 2714 immo
466 2649 626 2732 respicere
648 2648 827 2713 Minucium
850 2649 1012 2733 duplicem
1032 2649 1167 2715 Saturni

135 2736 421 2822 appellationem,
455 2758 493 2802 ea
525 2759 608 2821 quae
643 2737 825 2820 explicandi
861 2738 968 2822 gratia
1003 2737 1167 2803 adduntur

153 2825 362 2891 manifestum
397 2825 546 2890 reddunt:
583 2826 639 2890 alii
672 2822 756 2912 (siue
787 2830 904 2910 poetae
936 2827 1005 2891 siue
1037 2825 1167 2910 mytho-

153 2915 283 3067 titt>
299 2917 616 3068 ltmctltttl
641 2914 1166 3088 tttdlttpttttttl

257 3053 266 3088 ,
1159 3052 1166 3067 .

153 3113 251 3175 quam
278 3091 579 3175 interpretationem
606 3092 672 3157 iam
700 3113 761 3174 par
784 3095 833 3156 est
860 3092 951 3176 sequi
972 3092 1036 3157 loci
1058 3113 1166 3156 emen·

135 3179 326 3244 dationem.
349 3181 384 3242 in
407 3200 470 3262 quo
495 3201 567 3243 cum
591 3180 761 3245 offensioni
785 3183 870 3245 essct
887 3180 991 3245 doctis
1015 3183 1049 3245 et
1067 3179 1166 3264 ‘apud

153 3266 256 3332 Italos
291 3271 376 3332 esset
407 3268 530 3352 ignotis
560 3267 762 3351 parentibus'
791 3272 824 3332 et
851 3268 1032 3353 ‘proditus',
1060 3269 1165 3334 multo

154 3357 260 3440 magis
284 3356 453 3421 offensioni
475 3377 545 3420 esse
569 3357 682 3423 debuit
704 3378 820 3421 manca
843 3362 876 3422 et
896 3357 1097 3441 incompleta
1115 3357 1193 3434 de·¹

153 3444 269 3508 finitio.
315 3466 417 3529 neque
450 3445 536 3509 enim
570 3447 711 3530 additur,
744 3466 801 3510 cur
833 3449 958 3510 ueteres
989 3444 1166 3511 Saturnum

154 3532 342 3617 putauerint
360 3532 449 3599 Caeli
468 3535 584 3619 filium3
606 3557 665 3600 nec
683 3534 746 3600 hoc
765 3555 804 3598 ex
823 3533 1036 3617 explicatione
1055 3533 1167 3600 addita
