2430 3938
106 199 158 253 XII
412 199 583 255 EDITORIS
601 198 815 256 PRAEFATIO.

111 345 216 428 capite
240 344 384 429 adorate,
408 344 446 409 de
470 345 565 409 cultis
589 344 765 410 sacerdotis
789 344 995 430 genitalibus,
1019 345 1058 410 de
1076 347 1122 410 in-

107 433 207 499 fantis
231 434 388 519 sanguine
409 434 528 499 hausto
546 454 613 498 non
632 433 726 498 diluit
747 437 869 499 retecta
891 433 1012 518 harum
1030 434 1122 499 fabu-

106 523 212 586 larum
241 523 380 608 origine,
412 521 475 588 hoc
503 524 589 586 enim
622 522 691 586 sine
719 522 841 587 rituum
869 522 1123 588 christianorum

106 610 240 694 notitia,
272 632 354 695 quae
383 611 520 675 ethnicis
548 611 673 694 deerat,
704 607 775 674 fieri
807 633 873 676 non
900 611 999 675 licuit.
1041 635 1123 696 quae

107 720 180 764 cum
208 699 256 764 ita
283 721 317 764 se
343 699 503 779 habeant,
536 702 682 783 praestat
709 700 850 784 ingenue
878 700 989 782 fateri,
1016 699 1124 765 Minu-

96 787 195 852 ‘cium
225 809 291 852 non
319 789 492 873 agnouisse
521 785 645 852 Christi
674 787 834 873 originem
863 787 1017 854 diuinam.
1059 811 1123 873 quo

105 876 214 959 posito
243 879 281 940 ut
308 880 399 942 totus
428 876 482 941 hic
510 877 659 961 dialogus
687 876 805 940 melius
831 875 1049 962 intellegitur,
1077 880 1125 943 ita

109 963 238 1048 singula
256 965 414 1049 quaedam
434 965 538 1030 adhuc
557 966 695 1031 obscura
715 987 807 1029 suam
827 963 992 1048 accipiunt
1010 967 1124 1032 lucem.

107 1053 208 1116 ueluti
232 1053 260 1117 si
283 1075 308 1118 c.
323 1054 413 1137 20,4
436 1058 512 1138 post
534 1054 653 1118 inrisas
673 1052 876 1118 ethnicorum
896 1054 935 1118 de
951 1052 1123 1120 Centauris

108 1138 283 1226 Scyllaque
311 1146 345 1206 et
373 1140 544 1208 Chimaera
571 1142 700 1207 fabulas
728 1145 841 1207 extant
869 1163 947 1224 quoe
973 1144 1002 1208 st
1028 1150 1126 1209 essem

105 1228 204 1314 facto,
236 1232 358 1312 [iarah
390 1232 467 1313 quio
497 1231 567 1314 ficri
593 1251 657 1295 noa
682 1236 826 1315 possunt,
857 1232 925 1296 ideo
952 1252 1006 1296 aec
1036 1233 1125 1312 facto

107 1324 193 1402 suat,
221 1319 302 1384 haec
324 1320 425 1384 uerba
448 1320 483 1384 in
507 1324 619 1404 aperto
644 1322 694 1383 est
717 1341 815 1403 quam
842 1320 936 1384 facile
959 1321 1125 1403 potuerint

109 1429 129 1471 a
147 1408 325 1492 gentilibus
347 1408 454 1494 regeri
472 1413 507 1472 in
526 1407 732 1473 christianos.
759 1429 817 1472 nec
836 1411 947 1473 tamen
961 1430 999 1474 ea
1012 1411 1125 1493 elapsa

109 1501 203 1578 putes
222 1495 366 1561 Minucio
390 1497 591 1580 inprudenti:
616 1496 706 1560 aliud
724 1500 774 1560 est
793 1496 979 1581 disputandi
997 1498 1124 1563 feruore

109 1585 280 1668 abreptum
303 1586 436 1651 incauta
458 1585 558 1670 loqui,
582 1585 671 1650 aliud
695 1585 891 1650 scribentem
914 1586 1063 1650 meditari
1087 1609 1125 1651 ea

108 1695 191 1757 quae
209 1696 229 1738 a
247 1675 498 1758 reprehensione
513 1675 600 1738 iusta
614 1674 681 1738 sint
695 1677 777 1740 tuta.
805 1677 877 1739 tuto
893 1680 1002 1739 autem
1015 1676 1126 1759 posuit

109 1762 210 1826 uerba
237 1762 293 1826 illa
317 1764 345 1828 is
369 1763 425 1848 qui
452 1764 485 1828 in
512 1763 598 1827 libro
627 1785 685 1828 suo
713 1763 926 1848 redarguendi
954 1765 1124 1828 materiam

108 1871 175 1914 non
197 1852 350 1933 praebuit
373 1853 501 1935 quique,
525 1873 598 1916 cum
618 1848 782 1916 Christum
800 1851 966 1917 hominem
983 1856 1126 1935 putaret,

109 1939 265 2004 miracula
290 1936 422 2005 Christo
447 1962 466 2004 a
488 1939 588 2024 uulgo
613 1941 773 2005 attributa
799 1940 869 2023 ipse
895 1943 953 2004 aut
980 1961 1047 2005 non
1070 1941 1124 2004 ad-

108 2027 264 2110 probauit
291 2032 347 2092 aut
373 2049 440 2092 non
470 2029 600 2113 cognita
631 2027 747 2093 habuit
774 2031 887 2112 utpote
914 2031 1028 2113 postea
1056 2029 1125 2094 siue

108 2116 246 2179 inuenta
270 2117 338 2181 siue
361 2116 397 2180 in
421 2117 585 2182 occidente
608 2118 810 2202 peruulgata.

178 2202 231 2269 Sic
258 2204 360 2290 igitur
389 2208 509 2288 statuo,
536 2204 714 2271 Minucium
744 2227 810 2270 non
836 2209 1011 2289 propterea
1039 2207 1126 2291 quod

109 2292 337 2377 philosophiae
359 2294 507 2359 ethnicae
528 2295 709 2359 innutritus
731 2295 766 2359 in
789 2295 958 2378 religionis
977 2292 1125 2359 christia·

109 2404 170 2447 nae
198 2404 315 2448 arcana
342 2386 513 2467 penetrare
540 2385 703 2468 nequierit
731 2405 750 2448 a
774 2385 889 2449 ceteris
917 2386 987 2448 tum
1016 2385 1124 2467 apolo-

110 2471 194 2556 getis
219 2471 400 2556 dissentire,
423 2472 479 2536 sed
498 2473 607 2556 potius
627 2493 778 2536 causum
798 2473 917 2537 mentis
937 2472 1004 2537 acie
1024 2494 1125 2556 eaque

110 2559 220 2624 iudicii
248 2561 437 2643 sobrietate,
466 2583 529 2644 qua
552 2561 711 2644 optimum
737 2576 897 2645 quemque
923 2560 1124 2644 iurisperito-

108 2670 180 2713 rum
195 2647 415 2714 Romanorum
430 2650 619 2714 excelluisse
633 2649 790 2732 uidemus,
808 2651 1016 2733 aliquatenus
1034 2671 1125 2734 prae·

110 2738 244 2802 cessisse
269 2736 451 2803 Straussios
474 2741 605 2802 nostros
628 2737 858 2822 Renanosque:
882 2738 1013 2821 reliquit
1032 2737 1125 2803 Felix
1162 2743 1164 2746 ’

71 2873 72 2876 ,
110 2828 217 2890 sectae
236 2827 411 2892 conditoris
429 2831 596 2910 tamquam
616 2826 668 2890 dei
692 2826 915 2892 adorationem
938 2825 1124 2892 hominibus

108 2914 260 2997 inperitis
278 2915 476 2999 rudibusque
496 2919 528 2979 et
546 2914 716 2998 inprouide
731 2914 869 2980 credulis
885 2914 926 3001 (c.
938 2915 992 2999 20,
1006 2914 1125 3002 5—6);

110 3023 211 3086 eoque
234 3004 356 3069 maiore
379 3004 449 3068 iure
467 3003 551 3068 hanc
570 3004 663 3089 uulgi
681 3004 901 3069 idololatriam
921 3026 940 3067 a
960 3025 994 3068 se
1011 3006 1125 3087 procul

110 3092 225 3173 arcuit,
254 3114 318 3176 quo
342 3092 574 3159 accuratiorem
602 3093 790 3157 instituerat
815 3093 1061 3177 indagationem
1085 3093 1124 3158 de

109 3200 248 3262 persona
271 3177 409 3265 Christi,
437 3203 533 3267 quem
555 3181 697 3247 fortasse
720 3182 822 3246 coluit
844 3184 881 3246 ut
903 3181 1010 3245 uirum
1034 3183 1125 3246 omni

110 3289 219 3333 amore
238 3267 372 3352 dignum
391 3271 445 3353 (cf.
464 3292 490 3336 o.
509 3269 601 3353 29,5
625 3291 694 3336 cum
713 3276 741 3335 et
758 3271 920 3352 praeclaro
937 3270 1008 3336 uiro
1026 3270 1126 3336 honor

108 3358 215 3422 aerios
232 3362 261 3422 et
278 3359 390 3439 optimo
408 3379 497 3423 umor
515 3359 635 3424 dolebas
651 3355 863 3445 praebeatur).
897 3358 943 3423 sic
961 3357 1125 3424 Minucius

109 3449 243 3510 eatenus
267 3452 317 3511 est
335 3445 541 3512 Christianus
559 3452 596 3511 ut
619 3448 736 3531 spretis
755 3449 850 3512 uanis
868 3446 1036 3533 figmentis
1054 3449 1125 3512 riti·

108 3535 233 3619 busque
265 3535 339 3600 inde
371 3536 526 3622 profectis
559 3537 778 3620 adsumpserit
804 3558 882 3600 uera
915 3539 1011 3619 atque
1044 3559 1126 3602 sana
