2430 3938
401 204 572 261 EDITORIS
591 202 806 261 PRAEFATIO.
1043 206 1109 262 XXI

165 353 241 418 ibid.
259 353 346 418 uallo
364 353 482 435 artifice
499 371 553 416 aar
570 351 739 415 iudicasses
757 354 888 414 auctore.
919 350 1020 415 libere
1034 373 1109 418 con-

98 442 176 508 fessi
200 445 275 506 sunt
297 441 479 526 complures
503 441 603 518 docti,
630 460 664 503 sa
687 461 753 504 non
776 439 896 503 habere
920 460 983 524 quo
1008 440 1110 524 expli-

99 537 210 596 carent
224 528 360 595 ‘iudice'.
397 549 501 613 neque
523 550 583 613 ego
602 528 716 592 habeo.
751 548 826 591 nam
846 525 1036 613 Lindnerus,
1054 529 1109 612 qui

98 621 227 685 conlato
256 618 364 684 Ouidii
395 619 466 682 loco
501 613 590 702 (met.
617 615 634 679 1
660 614 713 700 19)
747 616 884 681 iudicem
916 619 1011 699 putat
1040 638 1110 681 esse

100 708 193 772 deum
214 707 269 792 qui
288 707 380 771 litem
399 706 632 770 elementorum
651 703 792 788 dirimat,
810 705 956 790 neglexit
973 704 1026 770 hic
1044 727 1110 770 non

99 798 153 881 'agi
177 797 216 860 de
240 795 358 877 ordine,
382 795 415 859 in
439 815 534 878 quem
558 793 721 875 indigesta
744 796 821 857 sunt
843 792 1032 878 redigenda,
1055 794 1110 859 sed

99 885 138 949 de
152 883 368 950 dissoluendis
383 903 464 968 quae
480 880 630 964 ordinata
645 884 730 964 sunt,
753 903 817 966 qua
829 881 864 946 in
879 904 914 946 00
929 880 1033 947 iudice
1047 905 1112 948 non

100 974 144 1038 sit
171 995 261 1056 opus.
307 992 501 1056 quamquam
530 990 590 1034 nec
612 969 673 1034 hoc
696 970 872 1055 perspicio,
900 971 1055 1054 quidnam
1079 971 1113 1035 in

102 1061 193 1126 uerbi
215 1059 346 1124 traditis
371 1059 433 1124 sibi
455 1058 537 1122 uelit
560 1058 685 1122 artifex.
723 1057 776 1122 hic
799 1059 884 1122 enim
904 1058 939 1123 in
957 1059 1113 1145 faciendo,

101 1170 167 1213 non
190 1150 224 1212 in
248 1147 453 1212 dissoluendo
478 1148 626 1212 cernitur.
663 1146 778 1229 scripsi
800 1146 901 1211 ‘nullo
922 1148 1045 1213 artifice
1063 1170 1111 1212 re·

101 1240 222 1302 nuente
245 1233 329 1322 (siue
348 1234 566 1322 ‘reluctanta'l
585 1256 646 1300 nec
664 1232 816 1301 auctore’.
852 1257 917 1300 non
937 1237 1005 1301 sine
1025 1258 1112 1302 acer-

101 1326 204 1391 bitate
219 1328 328 1389 monet
343 1322 515 1407 Caecilius
526 1326 663 1389 naturae
676 1323 869 1388 necessitate
885 1325 994 1388 omnia
1008 1326 1112 1409 perire

100 1435 203 1499 neque
222 1413 334 1478 adesse
351 1412 446 1477 deum
460 1412 552 1477 illum
566 1415 732 1478 auctorem
747 1416 844 1497 atque
858 1412 1113 1478 machinatorem

101 1502 135 1587 (ξ
157 1499 201 1588 7),
225 1502 280 1586 qui
303 1501 406 1565 sicin
429 1523 511 1584 opus
535 1523 629 1565 suum
654 1500 773 1564 saeuiri
796 1501 895 1564 uetat.

168 1612 193 1655 o.
218 1589 287 1674 5,9
312 1590 405 1654 isdem
429 1589 598 1653 labentibus
693 1589 864 1670 praedices
886 1589 1043 1669 increpare
1064 1590 1114 1654 ael

100 1679 216 1743 latrabis
233 1677 453 1743 corslideatibus
472 1678 611 1741 tonitruo
626 1678 753 1758 occupare.
787 1697 883 1740 sensu
897 1697 1005 1741 carere
1020 1675 1113 1742 ‘nim-

101 1764 165 1831 bis'
194 1764 433 1832 concedendum
462 1768 512 1829 est
534 1764 660 1830 Kochio
685 1764 720 1844 [l.
743 1765 763 1830 l.
787 1787 818 1847 p.
842 1765 931 1845 615],
959 1765 1014 1850 qui
1038 1765 1113 1830 ‘uel'

103 1857 172 1920 siue
195 1876 292 1921 causa
316 1853 523 1939 suspectauit.
565 1875 759 1937 quamquam
783 1853 886 1918 maior
910 1854 1007 1918 etiam
1032 1853 1114 1918 diffi-

102 1944 206 2009 cultas
235 1944 321 2007 inest
348 1942 397 2007 illi
426 1940 698 2026 conlidentibus,
727 1941 812 2026 quod
837 1943 921 2006 male
944 1964 1003 2025 pro
1028 1942 1113 2008 ‘con-

101 2030 185 2096 lisis'
204 2031 366 2115 accipiunt
384 2030 501 2116 (neque
521 2030 607 2094 enim
625 2030 678 2094 hic
697 2030 827 2114 quidem
840 2031 1015 2116 probamus
1030 2054 1112 2115 quae

101 2119 267 2185 Usenerus
290 2119 470 2203 disputauit
488 2119 523 2182 in
540 2118 699 2184 Fleckeis.
718 2120 824 2184 annal.
845 2143 871 2185 a.
891 2120 977 2184 1878
996 2143 1027 2203 p.
1047 2118 1114 2205 56).

102 2207 241 2292 protulit
254 2211 362 2271 autem
372 2207 517 2272 Kochius
533 2207 619 2292 quod
633 2207 674 2271 ab
689 2207 778 2271 omni
792 2209 873 2272 artis
882 2208 1113 2290 probabilitate

102 2297 199 2380 longa
218 2293 348 2360 recedit.
384 2294 455 2378 lege
475 2293 540 2358 ‘uel
557 2294 687 2359 nimbos
706 2295 966 2377 conlidentibus',
984 2296 1046 2360 hoc
1065 2300 1115 2362 est

103 2382 278 2449 secundum
301 2381 427 2447 dicendi
451 2403 554 2467 genus
575 2381 684 2467 poetis
707 2383 877 2448 usitatum:
900 2384 954 2447 uel
972 2384 1114 2449 nubibus

103 2469 297 2537 conlidendo
315 2471 444 2535 nimbos
463 2469 686 2534 efficientibus.
701 2503 742 2524 ψ-
762 2471 869 2555 recepi
888 2476 995 2536 autem
1008 2493 1115 2538 neces·

104 2561 223 2627 sariam
246 2559 434 2624 Heumanni
457 2562 673 2624 correcturum
697 2557 909 2642 ‘promicare’,
934 2582 1006 2625 cum
1029 2561 1115 2626 inter

102 2649 235 2734 fulgura
263 2648 432 2712 rutilantia
459 2652 492 2712 01
518 2647 656 2713 fulmina
683 2649 887 2730 prosilientia
915 2648 1114 2734 distinguen-

103 2738 179 2802 dum
212 2737 263 2801 sit.
314 2736 399 2820 quod
432 2737 545 2800 deinde
578 2735 736 2801 subicitur
765 2735 878 2819 ‘adeo’‚
911 2739 951 2802 ad
978 2738 1115 2803 fulmina

105 2829 249 2910 spectare
274 2825 383 2908 aliquo
408 2826 503 2890 modo
527 2824 733 2889 indicandum
757 2831 815 2890 est.
858 2830 890 2890 01
914 2829 964 2890 001
986 2827 1015 2890 is
1038 2849 1116 2892 usus

102 2913 306 2978 Minucianus
334 2916 370 2977 ut
398 2911 512 2995 ‘adeo'‚
541 2913 598 2977 ubi
630 2935 696 2978 non
723 2936 781 2997 per
808 2914 990 2998 asyndeton
1018 2916 1115 2998 expli·

104 3003 247 3067 catiuum
279 3001 479 3086 adiungitur,
512 3001 567 3065 sed
600 3002 633 3066 id
666 3003 752 3085 quod
779 3004 925 3085 proxime
952 3005 1117 3089 praecedit

103 3112 176 3155 oum
208 3091 241 3153 ui
274 3089 413 3173 quadam
441 3090 620 3172 continuat,
651 3091 801 3155 uoculam
830 3093 970 3175 aliquam
998 3093 1118 3156 habeat

103 3179 269 3261 comitem,
297 3184 334 3241 ut
362 3200 389 3243 0.
413 3179 447 3262 d,
471 3179 492 3242 2
515 3183 548 3242 et
570 3200 596 3243 c.
621 3179 653 3261 7,
677 3178 697 3242 6
721 3179 792 3243 iada
814 3182 888 3246 odeo
912 3178 969 3265 (=
993 3202 1033 3245 ex
1055 3181 1117 3245 hac

102 3266 177 3351 ipsa
199 3264 259 3350 re).
303 3267 389 3330 inter
420 3265 621 3350 ‘promicare’
651 3270 684 3330 01
707 3266 810 3333 ‘adeo’
834 3269 1036 3334 intercidisse
1060 3290 1116 3353 ap·

105 3360 201 3439 paret
224 3353 294 3420 ‘ea'.

171 3465 197 3509 0.
221 3443 255 3526 5,
282 3443 322 3507 13
349 3444 424 3508 adeo
452 3447 510 3507 aut
535 3443 652 3506 incerta
678 3443 767 3508 actis
793 3447 911 3511 amas
939 3444 1115 3509 occullatur.

103 3531 181 3596 licet
200 3531 323 3596 ueritas
341 3535 515 3616 propterea
534 3530 619 3614 quod
636 3531 730 3597 nobis
747 3535 925 3598 occultatur
938 3532 1116 3616 proleptice
