<?xml version="1.0" encoding="UTF-8"?>
<!DOCTYPE html PUBLIC "-//W3C//DTD XHTML 1.0 Transitional//EN"
    "http://www.w3.org/TR/xhtml1/DTD/xhtml1-transitional.dtd">
<html xmlns="http://www.w3.org/1999/xhtml" xml:lang="en" lang="en">
 <head>
  <title>
</title>
<meta http-equiv="Content-Type" content="text/html;charset=utf-8" />
  <meta name='ocr-system' content='tesseract 3.04.00' />
  <meta name='ocr-capabilities' content='ocr_page ocr_carea ocr_par ocr_line ocrx_word'/>
</head>
<body>
  <div class='ocr_page' id='page_1' title='image "./mminuciifelicis00baehgoog/mminuciifelicis00baehgoog_0052.png"; bbox 0 0 2430 3938; ppageno 0'>
   <div class='ocr_carea' id='block_1_1' title="bbox 490 201 1149 264">
    <p class='ocr_par' dir='ltr' id='par_1_1' title="bbox 490 201 1149 264">
     <span class='ocr_line' id='line_1_1' title="bbox 490 201 1149 264; baseline 0.012 -8"><span class='ocrx_word' id='word_1_1' title='bbox 490 201 669 257; x_wconf 80' lang='lat' dir='ltr'>OCTAVIUS</span> <span class='ocrx_word' id='word_1_2' title='bbox 688 218 710 257; x_wconf 88' lang='lat' dir='ltr'>e.</span> <span class='ocrx_word' id='word_1_3' title='bbox 731 201 755 256; x_wconf 76' lang='grc'>7.</span> <span class='ocrx_word' id='word_1_4' title='bbox 775 208 799 257; x_wconf 87' lang='grc'>8,</span> <span class='ocrx_word' id='word_1_5' title='bbox 1109 201 1149 264; x_wconf 90' lang='lat' dir='ltr'>ll</span> 
     </span>
    </p>
   </div>
   <div class='ocr_carea' id='block_1_2' title="bbox 88 346 1189 2646">
    <p class='ocr_par' dir='ltr' id='par_1_2' title="bbox 88 346 1189 2646">
     <span class='ocr_line' id='line_1_2' title="bbox 137 346 1184 432; baseline 0.002 -21"><span class='ocrx_word' id='word_1_6' title='bbox 137 347 212 412; x_wconf 90' lang='lat' dir='ltr'>inde</span> <span class='ocrx_word' id='word_1_7' title='bbox 236 347 316 412; x_wconf 89' lang='lat' dir='ltr'>adeo</span> <span class='ocrx_word' id='word_1_8' title='bbox 335 348 424 432; x_wconf 93' lang='lat' dir='ltr'>pleni</span> <span class='ocrx_word' id='word_1_9' title='bbox 447 352 480 413; x_wconf 90' lang='lat' dir='ltr'>et</span> <span class='ocrx_word' id='word_1_10' title='bbox 498 348 591 411; x_wconf 87' lang='lat' dir='ltr'>mixti</span> <span class='ocrx_word' id='word_1_11' title='bbox 610 347 669 412; x_wconf 89' lang='lat' dir='ltr'>deo</span> <span class='ocrx_word' id='word_1_12' title='bbox 688 350 779 411; x_wconf 88' lang='lat' dir='ltr'>uates</span> <span class='ocrx_word' id='word_1_13' title='bbox 798 346 908 412; x_wconf 86' lang='lat' dir='ltr'>futura</span> <span class='ocrx_word' id='word_1_14' title='bbox 927 348 1150 430; x_wconf 75' lang='lat' dir='ltr'>praecerpunt,</span> <span class='ocrx_word' id='word_1_15' title='bbox 1169 365 1184 413; x_wconf 84' lang='lat' dir='ltr'>e</span> 
     </span>
     <span class='ocr_line' id='line_1_3' title="bbox 137 434 1149 520; baseline -0.003 -19"><span class='ocrx_word' id='word_1_16' title='bbox 137 437 217 502; x_wconf 93' lang='lat' dir='ltr'>dant</span> <span class='ocrx_word' id='word_1_17' title='bbox 245 437 404 501; x_wconf 81' lang='lat' dir='ltr'>cautelam</span> <span class='ocrx_word' id='word_1_18' title='bbox 428 437 594 520; x_wconf 88' lang='lat' dir='ltr'>periculis,</span> <span class='ocrx_word' id='word_1_19' title='bbox 623 436 745 500; x_wconf 86' lang='lat' dir='ltr'>morbis</span> <span class='ocrx_word' id='word_1_20' title='bbox 769 436 951 513; x_wconf 84' lang='lat' dir='ltr'>medellam,</span> <span class='ocrx_word' id='word_1_21' title='bbox 981 455 1071 518; x_wconf 89' lang='lat' dir='ltr'>spem</span> <span class='ocrx_word' id='word_1_22' title='bbox 1095 434 1149 498; x_wconf 92' lang='lat' dir='ltr'>ad·</span> 
     </span>
     <span class='ocr_line' id='line_1_4' title="bbox 135 524 1147 609; baseline -0.001 -19"><span class='ocrx_word' id='word_1_23' title='bbox 135 526 241 609; x_wconf 83' lang='lat' dir='ltr'>dictis,</span> <span class='ocrx_word' id='word_1_24' title='bbox 266 547 361 609; x_wconf 88' lang='lat' dir='ltr'>opem</span> <span class='ocrx_word' id='word_1_25' title='bbox 379 525 514 609; x_wconf 88' lang='lat' dir='ltr'>miseris,</span> <span class='ocrx_word' id='word_1_26' title='bbox 532 525 687 590; x_wconf 89' lang='lat' dir='ltr'>solacium</span> <span class='ocrx_word' id='word_1_27' title='bbox 706 524 958 607; x_wconf 76' lang='lat' dir='ltr'>calamitatibus,</span> <span class='ocrx_word' id='word_1_28' title='bbox 979 524 1147 589; x_wconf 72' lang='lat' dir='ltr'>laboribus</span> 
     </span>
     <span class='ocr_line' id='line_1_5' title="bbox 135 612 1148 697; baseline -0.003 -18"><span class='ocrx_word' id='word_1_29' title='bbox 135 615 365 679; x_wconf 89' lang='lat' dir='ltr'>leuamentum.</span> <span class='ocrx_word' id='word_1_30' title='bbox 410 614 509 678; x_wconf 92' lang='lat' dir='ltr'>etiam</span> <span class='ocrx_word' id='word_1_31' title='bbox 536 636 594 697; x_wconf 92' lang='lat' dir='ltr'>per</span> <span class='ocrx_word' id='word_1_32' title='bbox 621 614 761 697; x_wconf 90' lang='lat' dir='ltr'>quietem</span> <span class='ocrx_word' id='word_1_33' title='bbox 785 613 863 677; x_wconf 90' lang='lat' dir='ltr'>deos</span> <span class='ocrx_word' id='word_1_34' title='bbox 886 613 1034 677; x_wconf 87' lang='lat' dir='ltr'>uidemus</span> <span class='ocrx_word' id='word_1_35' title='bbox 1058 612 1148 676; x_wconf 91' lang='lat' dir='ltr'>audi-</span> 
     </span>
     <span class='ocr_line' id='line_1_6' title="bbox 106 702 1147 787; baseline 0.001 -24"><span class='ocrx_word' id='word_1_36' title='bbox 106 722 208 768; x_wconf 78' lang='lat' dir='ltr'>emus</span> <span class='ocrx_word' id='word_1_37' title='bbox 232 703 448 787; x_wconf 85' lang='lat' dir='ltr'>agnoscimus,</span> <span class='ocrx_word' id='word_1_38' title='bbox 472 724 553 786; x_wconf 92' lang='lat' dir='ltr'>quos</span> <span class='ocrx_word' id='word_1_39' title='bbox 577 703 674 786; x_wconf 90' lang='lat' dir='ltr'>impie</span> <span class='ocrx_word' id='word_1_40' title='bbox 697 723 755 784; x_wconf 91' lang='lat' dir='ltr'>per</span> <span class='ocrx_word' id='word_1_41' title='bbox 776 702 861 765; x_wconf 88' lang='lat' dir='ltr'>diem</span> <span class='ocrx_word' id='word_1_42' title='bbox 879 721 1036 786; x_wconf 89' lang='lat' dir='ltr'>negamus</span> <span class='ocrx_word' id='word_1_43' title='bbox 1055 702 1147 766; x_wconf 92' lang='lat' dir='ltr'>nolu·</span> 
     </span>
     <span class='ocr_line' id='line_1_7' title="bbox 134 789 1189 875; baseline -0.001 -19"><span class='ocrx_word' id='word_1_44' title='bbox 134 813 207 856; x_wconf 88' lang='lat' dir='ltr'>mus</span> <span class='ocrx_word' id='word_1_45' title='bbox 235 795 402 856; x_wconf 87' lang='lat' dir='ltr'>eieramus.</span> <span class='ocrx_word' id='word_1_46' title='bbox 448 791 557 875; x_wconf 89' lang='lat' dir='ltr'>itaque</span> <span class='ocrx_word' id='word_1_47' title='bbox 586 812 659 855; x_wconf 89' lang='lat' dir='ltr'>cum</span> <span class='ocrx_word' id='word_1_48' title='bbox 687 791 831 854; x_wconf 91' lang='lat' dir='ltr'>omnium</span> <span class='ocrx_word' id='word_1_49' title='bbox 860 792 1006 875; x_wconf 89' lang='lat' dir='ltr'>gentium</span> <span class='ocrx_word' id='word_1_50' title='bbox 1034 791 1072 854; x_wconf 93' lang='lat' dir='ltr'>de</span> <span class='ocrx_word' id='word_1_51' title='bbox 1097 789 1189 855; x_wconf 86' lang='lat' dir='ltr'>dis8</span> 
     </span>
     <span class='ocr_line' id='line_1_8' title="bbox 134 879 1149 964; baseline 0.002 -21"><span class='ocrx_word' id='word_1_52' title='bbox 134 880 380 961; x_wconf 82' lang='lat' dir='ltr'>inmortalibus,</span> <span class='ocrx_word' id='word_1_53' title='bbox 404 880 552 964; x_wconf 89' lang='lat' dir='ltr'>quamuis</span> <span class='ocrx_word' id='word_1_54' title='bbox 576 881 701 944; x_wconf 89' lang='lat' dir='ltr'>incerta</span> <span class='ocrx_word' id='word_1_55' title='bbox 723 879 767 943; x_wconf 92' lang='lat' dir='ltr'>sit</span> <span class='ocrx_word' id='word_1_56' title='bbox 789 880 842 943; x_wconf 89' lang='lat' dir='ltr'>uel</span> <span class='ocrx_word' id='word_1_57' title='bbox 865 883 947 943; x_wconf 90' lang='lat' dir='ltr'>ratio</span> <span class='ocrx_word' id='word_1_58' title='bbox 970 881 1023 943; x_wconf 90' lang='lat' dir='ltr'>uel</span> <span class='ocrx_word' id='word_1_59' title='bbox 1047 881 1149 964; x_wconf 87' lang='lat' dir='ltr'>origo,</span> 
     </span>
     <span class='ocr_line' id='line_1_9' title="bbox 134 968 1149 1050; baseline 0.001 -18"><span class='ocrx_word' id='word_1_60' title='bbox 134 973 266 1032; x_wconf 90' lang='lat' dir='ltr'>maneat</span> <span class='ocrx_word' id='word_1_61' title='bbox 297 973 406 1033; x_wconf 90' lang='lat' dir='ltr'>tamen</span> <span class='ocrx_word' id='word_1_62' title='bbox 435 969 525 1032; x_wconf 89' lang='lat' dir='ltr'>firma</span> <span class='ocrx_word' id='word_1_63' title='bbox 557 969 737 1050; x_wconf 88' lang='lat' dir='ltr'>consensio,</span> <span class='ocrx_word' id='word_1_64' title='bbox 770 968 931 1032; x_wconf 90' lang='lat' dir='ltr'>neminem</span> <span class='ocrx_word' id='word_1_65' title='bbox 959 968 1028 1033; x_wconf 85' lang='lat' dir='ltr'>fero</span> <span class='ocrx_word' id='word_1_66' title='bbox 1056 974 1149 1033; x_wconf 88' lang='lat' dir='ltr'>tanta</span> 
     </span>
     <span class='ocr_line' id='line_1_10' title="bbox 134 1057 1147 1142; baseline 0 -21"><span class='ocrx_word' id='word_1_67' title='bbox 134 1057 269 1121; x_wconf 88' lang='lat' dir='ltr'>audacia</span> <span class='ocrx_word' id='word_1_68' title='bbox 296 1062 428 1142; x_wconf 89' lang='lat' dir='ltr'>tamque</span> <span class='ocrx_word' id='word_1_69' title='bbox 456 1057 644 1142; x_wconf 88' lang='lat' dir='ltr'>inreligiosa</span> <span class='ocrx_word' id='word_1_70' title='bbox 671 1057 782 1121; x_wconf 90' lang='lat' dir='ltr'>nescio</span> <span class='ocrx_word' id='word_1_71' title='bbox 810 1077 874 1139; x_wconf 91' lang='lat' dir='ltr'>qua</span> <span class='ocrx_word' id='word_1_72' title='bbox 901 1057 1073 1139; x_wconf 89' lang='lat' dir='ltr'>prudentia</span> <span class='ocrx_word' id='word_1_73' title='bbox 1096 1062 1147 1122; x_wconf 90' lang='lat' dir='ltr'>tu-</span> 
     </span>
     <span class='ocr_line' id='line_1_11' title="bbox 88 1146 1147 1229; baseline 0.002 -21"><span class='ocrx_word' id='word_1_74' title='bbox 88 1167 118 1208; x_wconf 79' lang='grc' dir='ltr'>-ιο</span> <span class='ocrx_word' id='word_1_75' title='bbox 133 1149 342 1224; x_wconf 86' lang='lat' dir='ltr'>mescentem,</span> <span class='ocrx_word' id='word_1_76' title='bbox 370 1147 425 1229; x_wconf 90' lang='lat' dir='ltr'>qui</span> <span class='ocrx_word' id='word_1_77' title='bbox 452 1146 536 1209; x_wconf 90' lang='lat' dir='ltr'>hanc</span> <span class='ocrx_word' id='word_1_78' title='bbox 563 1146 753 1229; x_wconf 83' lang='lat' dir='ltr'>religionem</span> <span class='ocrx_word' id='word_1_79' title='bbox 781 1149 849 1209; x_wconf 91' lang='lat' dir='ltr'>tam</span> <span class='ocrx_word' id='word_1_80' title='bbox 877 1149 1053 1223; x_wconf 89' lang='lat' dir='ltr'>uetustam,</span> <span class='ocrx_word' id='word_1_81' title='bbox 1082 1151 1147 1211; x_wconf 83' lang='lat' dir='ltr'>tom</span> 
     </span>
     <span class='ocr_line' id='line_1_12' title="bbox 132 1233 1147 1317; baseline 0 -19"><span class='ocrx_word' id='word_1_82' title='bbox 132 1235 258 1317; x_wconf 88' lang='lat' dir='ltr'>utilem,</span> <span class='ocrx_word' id='word_1_83' title='bbox 280 1240 349 1300; x_wconf 90' lang='lat' dir='ltr'>tam</span> <span class='ocrx_word' id='word_1_84' title='bbox 374 1234 534 1298; x_wconf 85' lang='lat' dir='ltr'>salubrem</span> <span class='ocrx_word' id='word_1_85' title='bbox 558 1234 735 1298; x_wconf 88' lang='lat' dir='ltr'>dissoluerc</span> <span class='ocrx_word' id='word_1_86' title='bbox 757 1237 813 1298; x_wconf 89' lang='lat' dir='ltr'>aut</span> <span class='ocrx_word' id='word_1_87' title='bbox 831 1233 995 1298; x_wconf 89' lang='lat' dir='ltr'>infirmare</span> <span class='ocrx_word' id='word_1_88' title='bbox 1013 1236 1147 1300; x_wconf 89' lang='lat' dir='ltr'>nitatur.</span> 
     </span>
     <span class='ocr_line' id='line_1_13' title="bbox 134 1321 1180 1407; baseline 0 -21"><span class='ocrx_word' id='word_1_89' title='bbox 134 1325 179 1387; x_wconf 89' lang='lat' dir='ltr'>sit</span> <span class='ocrx_word' id='word_1_90' title='bbox 201 1324 277 1388; x_wconf 92' lang='lat' dir='ltr'>licet</span> <span class='ocrx_word' id='word_1_91' title='bbox 299 1325 354 1387; x_wconf 89' lang='lat' dir='ltr'>ille</span> <span class='ocrx_word' id='word_1_92' title='bbox 374 1323 561 1388; x_wconf 83' lang='lat' dir='ltr'>Theodorus</span> <span class='ocrx_word' id='word_1_93' title='bbox 582 1321 766 1407; x_wconf 79' lang='lat' dir='ltr'>Cyrenaeus</span> <span class='ocrx_word' id='word_1_94' title='bbox 789 1322 852 1404; x_wconf 90' lang='lat' dir='ltr'>uel,</span> <span class='ocrx_word' id='word_1_95' title='bbox 875 1322 930 1406; x_wconf 91' lang='lat' dir='ltr'>qui</span> <span class='ocrx_word' id='word_1_96' title='bbox 948 1323 1045 1406; x_wconf 91' lang='lat' dir='ltr'>prior,</span> <span class='ocrx_word' id='word_1_97' title='bbox 1068 1324 1180 1388; x_wconf 81' lang='lat' dir='ltr'>Dia-2</span> 
     </span>
     <span class='ocr_line' id='line_1_14' title="bbox 134 1410 1147 1497; baseline -0.001 -21"><span class='ocrx_word' id='word_1_98' title='bbox 134 1433 231 1497; x_wconf 88' lang='lat' dir='ltr'>goras</span> <span class='ocrx_word' id='word_1_99' title='bbox 255 1412 384 1495; x_wconf 89' lang='lat' dir='ltr'>Melius,</span> <span class='ocrx_word' id='word_1_100' title='bbox 412 1413 464 1477; x_wconf 90' lang='lat' dir='ltr'>cui</span> <span class='ocrx_word' id='word_1_101' title='bbox 487 1412 605 1476; x_wconf 91' lang='lat' dir='ltr'>atheon</span> <span class='ocrx_word' id='word_1_102' title='bbox 630 1432 810 1495; x_wconf 85' lang='lat' dir='ltr'>cognomen</span> <span class='ocrx_word' id='word_1_103' title='bbox 834 1410 989 1493; x_wconf 83' lang='lat' dir='ltr'>adposuit</span> <span class='ocrx_word' id='word_1_104' title='bbox 1009 1412 1147 1496; x_wconf 88' lang='lat' dir='ltr'>antiqui-</span> 
     </span>
     <span class='ocr_line' id='line_1_15' title="bbox 131 1499 1146 1584; baseline 0 -20"><span class='ocrx_word' id='word_1_105' title='bbox 131 1504 198 1584; x_wconf 89' lang='lat' dir='ltr'>tas,</span> <span class='ocrx_word' id='word_1_106' title='bbox 235 1501 290 1584; x_wconf 92' lang='lat' dir='ltr'>qui</span> <span class='ocrx_word' id='word_1_107' title='bbox 323 1506 458 1584; x_wconf 90' lang='lat' dir='ltr'>uterque</span> <span class='ocrx_word' id='word_1_108' title='bbox 490 1501 598 1564; x_wconf 91' lang='lat' dir='ltr'>nullos</span> <span class='ocrx_word' id='word_1_109' title='bbox 632 1500 708 1564; x_wconf 89' lang='lat' dir='ltr'>deos</span> <span class='ocrx_word' id='word_1_110' title='bbox 741 1499 962 1564; x_wconf 86' lang='lat' dir='ltr'>adseuerando</span> <span class='ocrx_word' id='word_1_111' title='bbox 994 1501 1146 1564; x_wconf 91' lang='lat' dir='ltr'>timorem</span> 
     </span>
     <span class='ocr_line' id='line_1_16' title="bbox 91 1588 1146 1674; baseline 0.002 -24"><span class='ocrx_word' id='word_1_112' title='bbox 91 1610 118 1651; x_wconf 87' lang='lat'>15</span> <span class='ocrx_word' id='word_1_113' title='bbox 134 1611 277 1670; x_wconf 91' lang='lat' dir='ltr'>omnem,</span> <span class='ocrx_word' id='word_1_114' title='bbox 301 1611 365 1674; x_wconf 90' lang='lat' dir='ltr'>quo</span> <span class='ocrx_word' id='word_1_115' title='bbox 390 1588 577 1652; x_wconf 89' lang='lat' dir='ltr'>humanitas</span> <span class='ocrx_word' id='word_1_116' title='bbox 600 1588 740 1672; x_wconf 89' lang='lat' dir='ltr'>regitur,</span> <span class='ocrx_word' id='word_1_117' title='bbox 764 1588 1069 1672; x_wconf 87' lang='lat' dir='ltr'>uenerationemque</span> <span class='ocrx_word' id='word_1_118' title='bbox 1092 1610 1146 1671; x_wconf 91' lang='lat' dir='ltr'>pe·</span> 
     </span>
     <span class='ocr_line' id='line_1_17' title="bbox 133 1675 1146 1761; baseline 0.001 -19"><span class='ocrx_word' id='word_1_119' title='bbox 133 1681 221 1742; x_wconf 89' lang='lat' dir='ltr'>nitus</span> <span class='ocrx_word' id='word_1_120' title='bbox 251 1678 463 1742; x_wconf 89' lang='lat' dir='ltr'>sustulerunt:</span> <span class='ocrx_word' id='word_1_121' title='bbox 492 1698 670 1760; x_wconf 90' lang='lat' dir='ltr'>numquam</span> <span class='ocrx_word' id='word_1_122' title='bbox 697 1683 807 1739; x_wconf 90' lang='lat' dir='ltr'>tamen</span> <span class='ocrx_word' id='word_1_123' title='bbox 834 1677 868 1740; x_wconf 93' lang='lat' dir='ltr'>in</span> <span class='ocrx_word' id='word_1_124' title='bbox 895 1675 956 1739; x_wconf 91' lang='lat' dir='ltr'>hac</span> <span class='ocrx_word' id='word_1_125' title='bbox 979 1677 1146 1761; x_wconf 82' lang='lat' dir='ltr'>inpietatis</span> 
     </span>
     <span class='ocr_line' id='line_1_18' title="bbox 133 1764 1146 1849; baseline 0.001 -18"><span class='ocrx_word' id='word_1_126' title='bbox 133 1767 306 1849; x_wconf 86' lang='lat' dir='ltr'>disciplina</span> <span class='ocrx_word' id='word_1_127' title='bbox 329 1765 499 1830; x_wconf 85' lang='lat' dir='ltr'>simulatae</span> <span class='ocrx_word' id='word_1_128' title='bbox 522 1764 750 1848; x_wconf 88' lang='lat' dir='ltr'>philosophiae</span> <span class='ocrx_word' id='word_1_129' title='bbox 772 1765 903 1829; x_wconf 88' lang='lat' dir='ltr'>nomine</span> <span class='ocrx_word' id='word_1_130' title='bbox 923 1766 1019 1849; x_wconf 90' lang='lat' dir='ltr'>atque</span> <span class='ocrx_word' id='word_1_131' title='bbox 1038 1770 1146 1832; x_wconf 92' lang='lat' dir='ltr'>aucto·</span> 
     </span>
     <span class='ocr_line' id='line_1_19' title="bbox 132 1853 1181 1940; baseline -0.001 -21"><span class='ocrx_word' id='word_1_132' title='bbox 132 1856 229 1920; x_wconf 88' lang='lat' dir='ltr'>ritate</span> <span class='ocrx_word' id='word_1_133' title='bbox 254 1856 428 1938; x_wconf 86' lang='lat' dir='ltr'>pollebant.</span> <span class='ocrx_word' id='word_1_134' title='bbox 474 1876 547 1919; x_wconf 90' lang='lat' dir='ltr'>cam</span> <span class='ocrx_word' id='word_1_135' title='bbox 572 1853 749 1918; x_wconf 86' lang='lat' dir='ltr'>Abderiten</span> <span class='ocrx_word' id='word_1_136' title='bbox 772 1853 987 1940; x_wconf 84' lang='lat' dir='ltr'>Protagoram</span> <span class='ocrx_word' id='word_1_137' title='bbox 1010 1854 1181 1920; x_wconf 87' lang='lat' dir='ltr'>Atheni-3</span> 
     </span>
     <span class='ocr_line' id='line_1_20' title="bbox 131 1941 1145 2027; baseline 0 -19"><span class='ocrx_word' id='word_1_138' title='bbox 131 1965 224 2008; x_wconf 87' lang='lat' dir='ltr'>enses</span> <span class='ocrx_word' id='word_1_139' title='bbox 248 1945 310 2008; x_wconf 90' lang='lat' dir='ltr'>etsi</span> <span class='ocrx_word' id='word_1_140' title='bbox 334 1945 481 2008; x_wconf 89' lang='lat' dir='ltr'>consulte</span> <span class='ocrx_word' id='word_1_141' title='bbox 503 1944 614 2027; x_wconf 89' lang='lat' dir='ltr'>potius</span> <span class='ocrx_word' id='word_1_142' title='bbox 637 1965 735 2026; x_wconf 91' lang='lat' dir='ltr'>quam</span> <span class='ocrx_word' id='word_1_143' title='bbox 758 1941 894 2026; x_wconf 91' lang='lat' dir='ltr'>profane</span> <span class='ocrx_word' id='word_1_144' title='bbox 918 1941 956 2007; x_wconf 91' lang='lat' dir='ltr'>de</span> <span class='ocrx_word' id='word_1_145' title='bbox 975 1943 1145 2009; x_wconf 90' lang='lat' dir='ltr'>diuinitate</span> 
     </span>
     <span class='ocr_line' id='line_1_21' title="bbox 90 2031 1145 2116; baseline 0.002 -21"><span class='ocrx_word' id='word_1_146' title='bbox 90 2054 118 2094; x_wconf 79' lang='lat' dir='ltr'>aa</span> <span class='ocrx_word' id='word_1_147' title='bbox 133 2033 354 2116; x_wconf 88' lang='lat' dir='ltr'>disputantem</span> <span class='ocrx_word' id='word_1_148' title='bbox 383 2037 415 2096; x_wconf 92' lang='lat' dir='ltr'>et</span> <span class='ocrx_word' id='word_1_149' title='bbox 443 2032 627 2114; x_wconf 85' lang='lat' dir='ltr'>expulerint</span> <span class='ocrx_word' id='word_1_150' title='bbox 650 2032 716 2096; x_wconf 89' lang='lat' dir='ltr'>suis</span> <span class='ocrx_word' id='word_1_151' title='bbox 739 2031 858 2096; x_wconf 89' lang='lat' dir='ltr'>finibus</span> <span class='ocrx_word' id='word_1_152' title='bbox 882 2032 915 2096; x_wconf 91' lang='lat' dir='ltr'>et</span> <span class='ocrx_word' id='word_1_153' title='bbox 937 2033 971 2096; x_wconf 94' lang='lat' dir='ltr'>in</span> <span class='ocrx_word' id='word_1_154' title='bbox 994 2034 1145 2098; x_wconf 87' lang='lat' dir='ltr'>contione</span> 
     </span>
     <span class='ocr_line' id='line_1_22' title="bbox 132 2119 1144 2204; baseline 0 -19"><span class='ocrx_word' id='word_1_155' title='bbox 132 2122 202 2185; x_wconf 90' lang='lat' dir='ltr'>eius</span> <span class='ocrx_word' id='word_1_156' title='bbox 235 2123 355 2203; x_wconf 89' lang='lat' dir='ltr'>scripta</span> <span class='ocrx_word' id='word_1_157' title='bbox 391 2120 589 2203; x_wconf 89' lang='lat' dir='ltr'>deusserint,</span> <span class='ocrx_word' id='word_1_158' title='bbox 625 2120 701 2204; x_wconf 91' lang='lat' dir='ltr'>quid</span> <span class='ocrx_word' id='word_1_159' title='bbox 739 2120 888 2186; x_wconf 89' lang='lat' dir='ltr'>homines</span> <span class='ocrx_word' id='word_1_160' title='bbox 927 2119 1144 2203; x_wconf 79' lang='lat' dir='ltr'>(sustinebitis</span> 
     </span>
     <span class='ocr_line' id='line_1_23' title="bbox 132 2209 1145 2291; baseline -0.001 -17"><span class='ocrx_word' id='word_1_161' title='bbox 132 2211 219 2274; x_wconf 90' lang='lat' dir='ltr'>enim</span> <span class='ocrx_word' id='word_1_162' title='bbox 248 2230 299 2271; x_wconf 90' lang='lat' dir='ltr'>me</span> <span class='ocrx_word' id='word_1_163' title='bbox 325 2209 481 2290; x_wconf 91' lang='lat' dir='ltr'>impetum</span> <span class='ocrx_word' id='word_1_164' title='bbox 506 2213 674 2291; x_wconf 88' lang='lat' dir='ltr'>susceptae</span> <span class='ocrx_word' id='word_1_165' title='bbox 698 2209 834 2273; x_wconf 88' lang='lat' dir='ltr'>actionis</span> <span class='ocrx_word' id='word_1_166' title='bbox 858 2210 992 2273; x_wconf 87' lang='lat' dir='ltr'>liberius</span> <span class='ocrx_word' id='word_1_167' title='bbox 1017 2230 1145 2273; x_wconf 83' lang='lat' dir='ltr'>exeren-</span> 
     </span>
     <span class='ocr_line' id='line_1_24' title="bbox 130 2296 1144 2381; baseline 0 -19"><span class='ocrx_word' id='word_1_168' title='bbox 130 2296 213 2381; x_wconf 80' lang='lat' dir='ltr'>tem)</span> <span class='ocrx_word' id='word_1_169' title='bbox 236 2297 399 2378; x_wconf 89' lang='lat' dir='ltr'>homines,</span> <span class='ocrx_word' id='word_1_170' title='bbox 426 2297 572 2379; x_wconf 90' lang='lat' dir='ltr'>inquam,</span> <span class='ocrx_word' id='word_1_171' title='bbox 596 2296 782 2378; x_wconf 86' lang='lat' dir='ltr'>deploratae</span> <span class='ocrx_word' id='word_1_172' title='bbox 805 2297 949 2362; x_wconf 87' lang='lat' dir='ltr'>inlicitae</span> <span class='ocrx_word' id='word_1_173' title='bbox 973 2319 1010 2361; x_wconf 89' lang='lat' dir='ltr'>ac</span> <span class='ocrx_word' id='word_1_174' title='bbox 1034 2297 1144 2380; x_wconf 88' lang='lat' dir='ltr'>despe-</span> 
     </span>
     <span class='ocr_line' id='line_1_25' title="bbox 131 2384 1144 2468; baseline -0.002 -17"><span class='ocrx_word' id='word_1_175' title='bbox 131 2391 223 2451; x_wconf 89' lang='lat' dir='ltr'>ratae</span> <span class='ocrx_word' id='word_1_176' title='bbox 250 2385 401 2463; x_wconf 89' lang='lat' dir='ltr'>factionis</span> <span class='ocrx_word' id='word_1_177' title='bbox 431 2389 573 2468; x_wconf 88' lang='lat' dir='ltr'>grassari</span> <span class='ocrx_word' id='word_1_178' title='bbox 600 2385 635 2447; x_wconf 92' lang='lat' dir='ltr'>in</span> <span class='ocrx_word' id='word_1_179' title='bbox 662 2384 739 2447; x_wconf 89' lang='lat' dir='ltr'>deos</span> <span class='ocrx_word' id='word_1_180' title='bbox 767 2406 832 2448; x_wconf 93' lang='lat' dir='ltr'>non</span> <span class='ocrx_word' id='word_1_181' title='bbox 860 2385 1144 2468; x_wconf 88' lang='lat' dir='ltr'>ingemescendum</span> 
     </span>
     <span class='ocr_line' id='line_1_26' title="bbox 90 2471 1181 2558; baseline -0.002 -22"><span class='ocrx_word' id='word_1_182' title='bbox 90 2496 117 2537; x_wconf 78' lang='lat' dir='ltr'>aa</span> <span class='ocrx_word' id='word_1_183' title='bbox 133 2474 204 2541; x_wconf 79' lang='lat' dir='ltr'>est?</span> <span class='ocrx_word' id='word_1_184' title='bbox 241 2475 296 2558; x_wconf 90' lang='lat' dir='ltr'>qui</span> <span class='ocrx_word' id='word_1_185' title='bbox 328 2473 366 2537; x_wconf 94' lang='lat' dir='ltr'>de</span> <span class='ocrx_word' id='word_1_186' title='bbox 399 2473 515 2536; x_wconf 88' lang='lat' dir='ltr'>ultima</span> <span class='ocrx_word' id='word_1_187' title='bbox 542 2471 631 2537; x_wconf 86' lang='lat' dir='ltr'>faece</span> <span class='ocrx_word' id='word_1_188' title='bbox 660 2473 801 2536; x_wconf 86' lang='lat' dir='ltr'>collectis</span> <span class='ocrx_word' id='word_1_189' title='bbox 829 2474 1084 2556; x_wconf 83' lang='lat' dir='ltr'>imperitioribus</span> <span class='ocrx_word' id='word_1_190' title='bbox 1112 2479 1181 2538; x_wconf 68' lang='lat' dir='ltr'>etc</span> 
     </span>
     <span class='ocr_line' id='line_1_27' title="bbox 132 2560 1144 2646; baseline -0.001 -18"><span class='ocrx_word' id='word_1_191' title='bbox 132 2563 322 2628; x_wconf 84' lang='lat' dir='ltr'>mulieribus</span> <span class='ocrx_word' id='word_1_192' title='bbox 351 2561 489 2627; x_wconf 90' lang='lat' dir='ltr'>credulis</span> <span class='ocrx_word' id='word_1_193' title='bbox 518 2583 612 2625; x_wconf 87' lang='lat' dir='ltr'>sexus</span> <span class='ocrx_word' id='word_1_194' title='bbox 641 2563 690 2624; x_wconf 92' lang='lat' dir='ltr'>sui</span> <span class='ocrx_word' id='word_1_195' title='bbox 716 2560 874 2625; x_wconf 86' lang='lat' dir='ltr'>facilitate</span> <span class='ocrx_word' id='word_1_196' title='bbox 898 2562 1144 2646; x_wconf 90' lang='lat' dir='ltr'>labentibusque</span> 
     </span>
    </p>
   </div>
   <div class='ocr_carea' id='block_1_3' title="bbox 131 2650 1145 2825">
    <p class='ocr_par' dir='ltr' id='par_1_3' title="bbox 131 2650 1145 2825">
     <span class='ocr_line' id='line_1_28' title="bbox 131 2650 1145 2738; baseline 0 -22"><span class='ocrx_word' id='word_1_197' title='bbox 131 2656 237 2738; x_wconf 89' lang='lat' dir='ltr'>legem</span> <span class='ocrx_word' id='word_1_198' title='bbox 265 2651 420 2734; x_wconf 88' lang='lat' dir='ltr'>profanae</span> <span class='ocrx_word' id='word_1_199' title='bbox 449 2651 683 2715; x_wconf 90' lang='lat' dir='ltr'>coniurationis</span> <span class='ocrx_word' id='word_1_200' title='bbox 711 2650 897 2734; x_wconf 83' lang='lat' dir='ltr'>instituunt3</span> <span class='ocrx_word' id='word_1_201' title='bbox 928 2651 1047 2734; x_wconf 90' lang='lat' dir='ltr'>quippe</span> <span class='ocrx_word' id='word_1_202' title='bbox 1070 2673 1145 2716; x_wconf 92' lang='lat' dir='ltr'>noc-</span> 
     </span>
     <span class='ocr_line' id='line_1_29' title="bbox 131 2739 1144 2825; baseline -0.002 -19"><span class='ocrx_word' id='word_1_203' title='bbox 131 2742 235 2806; x_wconf 90' lang='lat' dir='ltr'>turnis</span> <span class='ocrx_word' id='word_1_204' title='bbox 264 2739 575 2825; x_wconf 84' lang='lat' dir='ltr'>congregationibus</span> <span class='ocrx_word' id='word_1_205' title='bbox 599 2743 631 2804; x_wconf 90' lang='lat' dir='ltr'>et</span> <span class='ocrx_word' id='word_1_206' title='bbox 654 2739 782 2803; x_wconf 84' lang='lat' dir='ltr'>ieiuniis</span> <span class='ocrx_word' id='word_1_207' title='bbox 805 2739 1016 2807; x_wconf 90' lang='lat' dir='ltr'>sollemnibus</span> <span class='ocrx_word' id='word_1_208' title='bbox 1041 2743 1073 2805; x_wconf 91' lang='lat' dir='ltr'>et</span> <span class='ocrx_word' id='word_1_209' title='bbox 1096 2741 1144 2804; x_wconf 93' lang='lat' dir='ltr'>in·</span> 
     </span>
    </p>
   </div>
   <div class='ocr_carea' id='block_1_4' title="bbox 130 2913 1145 3610">
    <p class='ocr_par' dir='ltr' id='par_1_4' title="bbox 130 2913 1145 3610">
     <span class='ocr_line' id='line_1_30' title="bbox 205 2913 1138 2984; baseline -0.002 -15"><span class='ocrx_word' id='word_1_210' title='bbox 205 2922 218 2969; x_wconf 92' lang='lat'>1</span> <span class='ocrx_word' id='word_1_211' title='bbox 244 2932 283 2969; x_wconf 79' lang='lat' dir='ltr'>aa</span> <span class='ocrx_word' id='word_1_212' title='bbox 305 2913 501 2984; x_wconf 81' lang='lat' dir='ltr'>praecipiunt?</span> <span class='ocrx_word' id='word_1_213' title='bbox 523 2916 532 2982; x_wconf 84' lang='grc' dir='ltr'>ΙΙ</span> <span class='ocrx_word' id='word_1_214' title='bbox 555 2920 571 2967; x_wconf 85' lang='grc'><strong>3</strong></span> <span class='ocrx_word' id='word_1_215' title='bbox 595 2913 727 2968; x_wconf 85' lang='lat' dir='ltr'>solatium</span> <span class='ocrx_word' id='word_1_216' title='bbox 750 2917 770 2964; x_wconf 98' lang='lat' dir='ltr'>P</span> <span class='ocrx_word' id='word_1_217' title='bbox 793 2930 827 2969; x_wconf 87' lang='lat' dir='ltr'>m.</span> <span class='ocrx_word' id='word_1_218' title='bbox 851 2918 871 2970; x_wconf 81' lang='lat'><em>2</em></span> <span class='ocrx_word' id='word_1_219' title='bbox 893 2915 903 2982; x_wconf 80' lang='grc' dir='ltr'>ΙΙ</span> <span class='ocrx_word' id='word_1_220' title='bbox 928 2918 944 2968; x_wconf 80' lang='lat' dir='ltr'>b</span> <span class='ocrx_word' id='word_1_221' title='bbox 966 2913 1070 2983; x_wconf 88' lang='lat' dir='ltr'>impiae</span> <span class='ocrx_word' id='word_1_222' title='bbox 1092 2921 1112 2966; x_wconf 94' lang='lat' dir='ltr'>P</span> <span class='ocrx_word' id='word_1_223' title='bbox 1135 2915 1138 2984; x_wconf 78' lang='grc'>1</span> 
     </span>
     <span class='ocr_line' id='line_1_31' title="bbox 130 2984 1138 3057; baseline -0.003 -16"><span class='ocrx_word' id='word_1_224' title='bbox 130 2986 324 3056; x_wconf 75' lang='lat' dir='ltr'>dpeieramus</span> <span class='ocrx_word' id='word_1_225' title='bbox 343 2990 376 3053; x_wconf 87' lang='lat' dir='ltr'>P,</span> <span class='ocrx_word' id='word_1_226' title='bbox 400 3001 468 3040; x_wconf 84' lang='lat' dir='ltr'>corr.</span> <span class='ocrx_word' id='word_1_227' title='bbox 490 2985 516 3038; x_wconf 90' lang='grc' dir='ltr'>Ι.</span> <span class='ocrx_word' id='word_1_228' title='bbox 537 2984 588 3039; x_wconf 85' lang='lat' dir='ltr'>Fr.</span> <span class='ocrx_word' id='word_1_229' title='bbox 609 2984 767 3039; x_wconf 81' lang='lat' dir='ltr'>Groaoaa&#39;as</span> <span class='ocrx_word' id='word_1_230' title='bbox 792 2986 796 3052; x_wconf 79' lang='grc' dir='ltr'>Ι</span> <span class='ocrx_word' id='word_1_231' title='bbox 821 2984 872 3053; x_wconf 86' lang='lat' dir='ltr'>dis,</span> <span class='ocrx_word' id='word_1_232' title='bbox 891 2986 953 3040; x_wconf 86' lang='lat' dir='ltr'>add.</span> <span class='ocrx_word' id='word_1_233' title='bbox 973 2984 991 3039; x_wconf 88' lang='lat' dir='ltr'>i.</span> <span class='ocrx_word' id='word_1_234' title='bbox 1011 3001 1031 3040; x_wconf 79' lang='lat' dir='ltr'>a.</span> <span class='ocrx_word' id='word_1_235' title='bbox 1048 2986 1080 3052; x_wconf 86' lang='lat' dir='ltr'>l.‚</span> <span class='ocrx_word' id='word_1_236' title='bbox 1098 2991 1118 3038; x_wconf 97' lang='lat' dir='ltr'>P</span> <span class='ocrx_word' id='word_1_237' title='bbox 1135 2987 1138 3057; x_wconf 72' lang='lat' dir='ltr'>l</span> 
     </span>
     <span class='ocr_line' id='line_1_32' title="bbox 132 3054 1143 3126; baseline -0.001 -14"><span class='ocrx_word' id='word_1_238' title='bbox 132 3062 167 3113; x_wconf 92' lang='lat'>10</span> <span class='ocrx_word' id='word_1_239' title='bbox 185 3059 245 3112; x_wconf 86' lang='lat' dir='ltr'>tam</span> <span class='ocrx_word' id='word_1_240' title='bbox 263 3057 375 3111; x_wconf 80' lang='lat' dir='ltr'>addidit</span> <span class='ocrx_word' id='word_1_241' title='bbox 394 3055 524 3110; x_wconf 79' lang='lat' dir='ltr'>Gelenius</span> <span class='ocrx_word' id='word_1_242' title='bbox 536 3057 546 3125; x_wconf 79' lang='grc' dir='ltr'>ΙΙ</span> <span class='ocrx_word' id='word_1_243' title='bbox 567 3061 599 3109; x_wconf 79' lang='lat'>12</span> <span class='ocrx_word' id='word_1_244' title='bbox 618 3056 678 3126; x_wconf 89' lang='lat' dir='ltr'>ille]</span> <span class='ocrx_word' id='word_1_245' title='bbox 699 3056 793 3110; x_wconf 85' lang='lat' dir='ltr'>malim</span> <span class='ocrx_word' id='word_1_246' title='bbox 811 3054 887 3110; x_wconf 88' lang='lat' dir='ltr'>nisus</span> <span class='ocrx_word' id='word_1_247' title='bbox 904 3059 908 3123; x_wconf 87' lang='grc' dir='ltr'>Ι</span> <span class='ocrx_word' id='word_1_248' title='bbox 925 3055 1078 3111; x_wconf 90' lang='lat' dir='ltr'>theudorus</span> <span class='ocrx_word' id='word_1_249' title='bbox 1098 3074 1143 3126; x_wconf 85' lang='lat' dir='ltr'>cy·</span> 
     </span>
     <span class='ocr_line' id='line_1_33' title="bbox 130 3125 1143 3199; baseline -0.002 -16"><span class='ocrx_word' id='word_1_250' title='bbox 130 3145 231 3183; x_wconf 82' lang='lat' dir='ltr'>rancus</span> <span class='ocrx_word' id='word_1_251' title='bbox 245 3128 427 3199; x_wconf 72' lang='lat' dir='ltr'>Pldargoras</span> <span class='ocrx_word' id='word_1_252' title='bbox 443 3126 463 3195; x_wconf 93' lang='lat' dir='ltr'>(i</span> <span class='ocrx_word' id='word_1_253' title='bbox 477 3142 564 3196; x_wconf 70' lang='lat' dir='ltr'>supra</span> <span class='ocrx_word' id='word_1_254' title='bbox 579 3130 663 3195; x_wconf 77' lang='lat' dir='ltr'>apr.)</span> <span class='ocrx_word' id='word_1_255' title='bbox 677 3125 903 3197; x_wconf 70' lang='lat' dir='ltr'>milesiusPtllss,</span> <span class='ocrx_word' id='word_1_256' title='bbox 916 3134 948 3181; x_wconf 87' lang='lat'>14</span> <span class='ocrx_word' id='word_1_257' title='bbox 962 3128 1056 3182; x_wconf 81' lang='lat' dir='ltr'>malim</span> <span class='ocrx_word' id='word_1_258' title='bbox 1071 3129 1143 3183; x_wconf 82' lang='lat' dir='ltr'>anti-</span> 
     </span>
     <span class='ocr_line' id='line_1_34' title="bbox 131 3196 1144 3269; baseline -0.003 -15"><span class='ocrx_word' id='word_1_259' title='bbox 131 3201 235 3269; x_wconf 74' lang='lat' dir='ltr'>quitas·</span> <span class='ocrx_word' id='word_1_260' title='bbox 248 3203 372 3268; x_wconf 85' lang='lat' dir='ltr'>utrique,</span> <span class='ocrx_word' id='word_1_261' title='bbox 395 3196 443 3266; x_wconf 89' lang='lat' dir='ltr'>qui</span> <span class='ocrx_word' id='word_1_262' title='bbox 465 3198 558 3252; x_wconf 89' lang='lat' dir='ltr'>nullos</span> <span class='ocrx_word' id='word_1_263' title='bbox 581 3199 591 3267; x_wconf 70' lang='lat' dir='ltr'>ss</span> <span class='ocrx_word' id='word_1_264' title='bbox 616 3204 647 3252; x_wconf 80' lang='grc'>17</span> <span class='ocrx_word' id='word_1_265' title='bbox 669 3197 803 3268; x_wconf 87' lang='lat' dir='ltr'>filosofiae</span> <span class='ocrx_word' id='word_1_266' title='bbox 821 3203 841 3250; x_wconf 97' lang='lat' dir='ltr'>P</span> <span class='ocrx_word' id='word_1_267' title='bbox 863 3201 873 3269; x_wconf 75' lang='grc' dir='ltr'>ΙΙ</span> <span class='ocrx_word' id='word_1_268' title='bbox 897 3204 930 3253; x_wconf 90' lang='grc'>18</span> <span class='ocrx_word' id='word_1_269' title='bbox 948 3199 1096 3268; x_wconf 86' lang='lat' dir='ltr'>pollebunt</span> <span class='ocrx_word' id='word_1_270' title='bbox 1116 3204 1144 3265; x_wconf 89' lang='lat' dir='ltr'>P,</span> 
     </span>
     <span class='ocr_line' id='line_1_35' title="bbox 131 3268 1144 3340; baseline -0.004 -14"><span class='ocrx_word' id='word_1_271' title='bbox 131 3271 239 3326; x_wconf 72' lang='lat' dir='ltr'>correrii</span> <span class='ocrx_word' id='word_1_272' title='bbox 258 3273 263 3340; x_wconf 94' lang='grc' dir='ltr'>Ι</span> <span class='ocrx_word' id='word_1_273' title='bbox 283 3270 466 3338; x_wconf 84' lang='lat' dir='ltr'>Protagoram</span> <span class='ocrx_word' id='word_1_274' title='bbox 486 3270 525 3324; x_wconf 85' lang='lat' dir='ltr'>cd.</span> <span class='ocrx_word' id='word_1_275' title='bbox 544 3286 602 3337; x_wconf 67' lang='lat' dir='ltr'>pa:</span> <span class='ocrx_word' id='word_1_276' title='bbox 620 3268 751 3336; x_wconf 75' lang='lat' dir='ltr'>pitagora</span> <span class='ocrx_word' id='word_1_277' title='bbox 769 3273 789 3320; x_wconf 97' lang='lat' dir='ltr'>P</span> <span class='ocrx_word' id='word_1_278' title='bbox 806 3271 816 3337; x_wconf 81' lang='grc' dir='ltr'>[Ι</span> <span class='ocrx_word' id='word_1_279' title='bbox 835 3275 868 3324; x_wconf 86' lang='grc'>19</span> <span class='ocrx_word' id='word_1_280' title='bbox 888 3269 941 3323; x_wconf 88' lang='lat' dir='ltr'>etsi</span> <span class='ocrx_word' id='word_1_281' title='bbox 958 3270 1070 3338; x_wconf 63' lang='lat' dir='ltr'>abrahei:</span> <span class='ocrx_word' id='word_1_282' title='bbox 1089 3269 1144 3323; x_wconf 91' lang='lat' dir='ltr'>uiri</span> 
     </span>
     <span class='ocr_line' id='line_1_36' title="bbox 131 3340 1145 3412; baseline -0.003 -17"><span class='ocrx_word' id='word_1_283' title='bbox 131 3347 151 3394; x_wconf 97' lang='lat' dir='ltr'>P</span> <span class='ocrx_word' id='word_1_284' title='bbox 170 3342 261 3395; x_wconf 87' lang='lat' dir='ltr'>uirum</span> <span class='ocrx_word' id='word_1_285' title='bbox 281 3341 396 3411; x_wconf 76' lang='lat' dir='ltr'>Machlp</span> <span class='ocrx_word' id='word_1_286' title='bbox 413 3341 423 3408; x_wconf 76' lang='grc' dir='ltr'>ΙΙ</span> <span class='ocrx_word' id='word_1_287' title='bbox 441 3345 474 3394; x_wconf 80' lang='grc'>21</span> <span class='ocrx_word' id='word_1_288' title='bbox 495 3340 599 3395; x_wconf 84' lang='lat' dir='ltr'>scribta</span> <span class='ocrx_word' id='word_1_289' title='bbox 615 3342 659 3407; x_wconf 70' lang='lat' dir='ltr'>Pl]</span> <span class='ocrx_word' id='word_1_290' title='bbox 676 3345 711 3393; x_wconf 79' lang='lat'>23</span> <span class='ocrx_word' id='word_1_291' title='bbox 730 3355 763 3393; x_wconf 89' lang='lat' dir='ltr'>ac</span> <span class='ocrx_word' id='word_1_292' title='bbox 781 3340 947 3408; x_wconf 76' lang='lat' dir='ltr'>deleuerimll</span> <span class='ocrx_word' id='word_1_293' title='bbox 966 3345 999 3394; x_wconf 81' lang='lat'>25</span> <span class='ocrx_word' id='word_1_294' title='bbox 1019 3340 1078 3395; x_wconf 84' lang='lat' dir='ltr'>fece</span> <span class='ocrx_word' id='word_1_295' title='bbox 1097 3345 1117 3392; x_wconf 97' lang='lat' dir='ltr'>P</span> <span class='ocrx_word' id='word_1_296' title='bbox 1135 3340 1145 3412; x_wconf 69' lang='lat' dir='ltr'>tl</span> 
     </span>
     <span class='ocr_line' id='line_1_37' title="bbox 131 3409 1143 3481; baseline -0.003 -14"><span class='ocrx_word' id='word_1_297' title='bbox 131 3411 466 3481; x_wconf 75' lang='lat' dir='ltr'>261abandbusq.lagem</span> <span class='ocrx_word' id='word_1_298' title='bbox 477 3412 576 3480; x_wconf 78' lang='lat' dir='ltr'>scripsi</span> <span class='ocrx_word' id='word_1_299' title='bbox 585 3412 682 3478; x_wconf 82' lang='lat' dir='ltr'>(supra</span> <span class='ocrx_word' id='word_1_300' title='bbox 688 3428 717 3479; x_wconf 81' lang='lat' dir='ltr'>p.</span> <span class='ocrx_word' id='word_1_301' title='bbox 726 3409 841 3480; x_wconf 69' lang='lat' dir='ltr'>xiiio:</span> <span class='ocrx_word' id='word_1_302' title='bbox 855 3411 1021 3465; x_wconf 88' lang='lat' dir='ltr'>labendibus</span> <span class='ocrx_word' id='word_1_303' title='bbox 1032 3411 1143 3480; x_wconf 88' lang='lat' dir='ltr'>plebem</span> 
     </span>
     <span class='ocr_line' id='line_1_38' title="bbox 131 3481 1144 3553; baseline -0.002 -17"><span class='ocrx_word' id='word_1_304' title='bbox 131 3489 151 3536; x_wconf 97' lang='lat' dir='ltr'>P</span> <span class='ocrx_word' id='word_1_305' title='bbox 173 3482 333 3539; x_wconf 83' lang='lat' dir='ltr'>labentibus</span> <span class='ocrx_word' id='word_1_306' title='bbox 355 3481 393 3553; x_wconf 88' lang='lat' dir='ltr'>pl.</span> <span class='ocrx_word' id='word_1_307' title='bbox 413 3483 577 3552; x_wconf 63' lang='grc'><strong>1111901111</strong></span> <span class='ocrx_word' id='word_1_308' title='bbox 601 3482 704 3550; x_wconf 91' lang='lat' dir='ltr'>quippe</span> <span class='ocrx_word' id='word_1_309' title='bbox 722 3482 835 3550; x_wconf 81' lang='lat' dir='ltr'>scripsi:</span> <span class='ocrx_word' id='word_1_310' title='bbox 863 3498 934 3550; x_wconf 87' lang='lat' dir='ltr'>qnae</span> <span class='ocrx_word' id='word_1_311' title='bbox 958 3487 977 3532; x_wconf 90' lang='lat' dir='ltr'>P</span> <span class='ocrx_word' id='word_1_312' title='bbox 1001 3483 1049 3549; x_wconf 91' lang='lat' dir='ltr'>qui</span> <span class='ocrx_word' id='word_1_313' title='bbox 1067 3481 1144 3535; x_wconf 85' lang='lat' dir='ltr'>Heo-</span> 
     </span>
     <span class='ocr_line' id='line_1_39' title="bbox 130 3571 257 3610; baseline 0 0"><span class='ocrx_word' id='word_1_314' title='bbox 130 3571 257 3610; x_wconf 74' lang='lat' dir='ltr'>cranaus.</span> 
     </span>
    </p>
   </div>
   <div class='ocr_carea' id='block_1_5' title="bbox 0 0 1220 3938">
    <p class='ocr_par' dir='ltr' id='par_1_5' title="bbox 0 0 1220 3938">
     <span class='ocr_line' id='line_1_40' title="bbox 0 0 1220 3938; baseline 0 0"><span class='ocrx_word' id='word_1_315' title='bbox 0 0 1220 3938; x_wconf 95' lang='lat' dir='ltr'> </span> 
     </span>
    </p>
   </div>
  </div>
 </body>
</html>
