2430 3938
415 210 595 266 OCTAVIUS
615 227 638 267 c.
660 216 700 266 18.
722 217 762 266 19.
1053 212 1095 275 27

392 354 499 420 deum
522 377 685 440 namque
708 356 764 419 ire
787 377 853 440 per
877 377 1006 421 omnes

128 447 333 528 terrasque
361 447 588 529 tractusque
617 444 734 519 maris
762 446 1098 597 caelurpqupuplro·

129 621 226 703 [unde
249 621 398 686 homines
422 623 455 684 et
476 620 629 704 pecudes,
652 619 737 684 unde
759 620 863 684 imber
888 554 1057 706 ellgness]

56 745 163 830 equid
190 745 277 809 aliud
306 748 338 808 et
366 765 385 808 a
413 743 508 808 nobis
537 744 615 807 deus
643 765 740 827 quam
772 765 863 808 mens
892 748 924 808 et
951 744 1035 808 ratio
1064 748 1131 811 eta

85 833 218 917 spiritus
236 832 462 916 praedicatur?
482 853 715 915 recenseamus,
735 832 763 896 si
776 832 892 916 placet,
907 833 1096 914 disciplinas

83 921 367 1006 philosophorum:
391 919 610 1004 deprehendes
634 940 703 1002 eos,
727 921 789 984 etsi
813 921 1017 986 sermonibus
1042 944 1096 986 ua·

83 1011 163 1094 rios,
191 1010 272 1094 ipsis
300 1014 411 1074 tamen
439 1010 535 1073 rebus
564 1009 599 1073 in
626 1007 712 1073 hanc
736 1030 832 1073 unam
857 1009 941 1073 coire
965 1012 998 1073 et
1021 1031 1095 1074 con·

85 1098 207 1183 spirare
231 1099 434 1163 sententiam.
472 1097 587 1162 omitto
612 1097 686 1161 illos
710 1096 806 1161 rudes
831 1099 1016 1180 elucteris,
1041 1098 1132 1181 qui4

43 1207 70 1250 ro
84 1186 123 1251 de
152 1187 230 1251 solis
259 1186 354 1251 dictis
383 1186 546 1270 sapientes
574 1205 645 1249 esse
672 1189 867 1249 meruerunt.
905 1185 949 1250 sit
976 1185 1095 1251 Thales

82 1273 229 1340 Milesius
254 1275 398 1340 omnium
422 1274 555 1357 primus,
577 1273 633 1359 qui
655 1273 779 1357 primus
804 1273 948 1338 omnium
968 1274 1007 1337 de
1027 1296 1096 1339 cae·

83 1363 219 1428 lestibus
248 1363 435 1448 disputauit.
472 1363 500 1427 is
530 1365 639 1427 autem
666 1361 814 1426 Milesius
838 1361 958 1426 Thales
988 1383 1096 1426 rerum

82 1451 212 1516 initium
238 1474 355 1537 aquam
378 1451 473 1530 dixit,
501 1450 596 1514 deum
620 1454 729 1514 autem
753 1472 825 1514 eam
849 1454 990 1515 mentem
1014 1472 1095 1534 quae

83 1561 122 1603 ex
154 1562 238 1623 aqua
271 1542 387 1604 cuncta
419 1539 611 1603 formauerit
644 1541 695 1618 [eo
729 1538 827 1602 altior
859 1542 892 1602 et
925 1538 1097 1602 sublimior

41 1649 68 1692 rs
83 1650 187 1713 aquae
215 1633 248 1691 et
277 1627 411 1710 spiritus
439 1626 538 1702 ratio,
567 1647 664 1708 quam
692 1628 728 1689 ut
755 1627 796 1689 ab
820 1625 950 1718 homine
973 1626 1096 1709 poterit

81 1715 236 1797 inueniri,
260 1714 356 1779 adeo
376 1714 560 1793 traditum]:
583 1713 674 1777 uides
697 1712 886 1797 philosophi
907 1714 1095 1797 principalis

81 1804 253 1868 nobiscum
279 1803 410 1889 penitus
438 1801 625 1888 opinionem
653 1823 840 1867 consonare.
877 1802 1131 1870 Anaximeness

82 1892 234 1975 deinceps
267 1896 300 1956 et
331 1895 408 1976 post
440 1890 666 1975 Apolloniates
697 1890 860 1976 Diogenes
893 1913 968 1956 aera
1001 1891 1095 1956 deum

82 1984 231 2046 statuunt
250 1980 416 2045 infinitum
436 1984 468 2044 et
486 1980 682 2044 inmensum:
701 1979 816 2044 horum
832 2001 960 2065 quoque
980 1980 1096 2045 similis

40 2091 68 2133 so
82 2069 122 2134 de
155 2069 324 2134 diuinitate
357 2068 526 2134 consensio
560 2071 617 2132 est.
664 2068 880 2153 Anaxagorae
913 2090 1021 2133 rerum
1049 2069 1130 2135 die

82 2157 216 2239 scriptio
241 2160 273 2221 et
295 2161 416 2240 motus,
440 2158 586 2220 infinitae
609 2156 729 2220 mentis
752 2176 838 2240 opus,
861 2156 938 2220 deus
963 2157 1094 2239 dicitur3

83 2249 117 2311 et
139 2244 347 2328 Pythagorae
370 2245 448 2309 deus
472 2246 522 2308 est
550 2244 677 2308 animus
700 2266 757 2327 per
780 2245 963 2308 uniuersam
987 2266 1095 2308 rerum

81 2336 234 2399 naturam
267 2353 452 2397 commeans
486 2336 518 2395 et
550 2332 709 2416 intentus,
742 2354 780 2395 ex
807 2353 870 2414 quo
900 2332 999 2396 etiam
1028 2333 1096 2395 ani-

84 2422 218 2487 malium
251 2421 396 2485 omnium
428 2420 497 2485 uita
524 2419 680 2501 capiatur.
725 2418 950 2503 Xenophanen
982 2424 1130 2487 notum‘i

42 2533 69 2574 ss
85 2514 134 2574 est
153 2531 247 2575 omne
266 2509 429 2573 inlinitum
448 2530 521 2573 cum
546 2510 654 2571 mente
674 2507 770 2571 deum
788 2506 925 2589 tradere,
949 2511 981 2572 et
1000 2509 1094 2572 Anti·

84 2599 220 2664 sthenen
247 2598 421 2683 populares
445 2597 522 2662 deos
548 2596 684 2680 multos,
712 2596 768 2661 sed
790 2596 972 2661 naturalem
996 2619 1095 2662 unum

83 2774 121 2829 ac
144 2788 166 2828 e.
186 2778 228 2840 32,
248 2774 292 2843 811
314 2778 328 2826 1
353 2774 388 2839 cf.
408 2771 503 2841 Georq.
524 2770 563 2826 lV
582 2776 633 2826 221
648 2786 685 2840 sp.
705 2772 714 2838 l
732 2776 749 2824 4
764 2771 878 2840 pessime
897 2772 1044 2840 conflatum
1062 2788 1096 2827 em

83 2843 153 2899 Aen.
172 2844 185 2896 Ι
205 2848 256 2898 ’143
280 2849 305 2899 et
324 2843 420 2912 Geory.
439 2842 477 2896 IV
497 2849 548 2897 223
571 2858 656 2912 neque
677 2843 765 2896 hilum
788 2843 825 2896 ad
845 2859 901 2897 rem
917 2844 1095 2910 pertinentem

83 2915 181 2970 seclusi
198 2916 208 2982 l
226 2918 242 2967 5
262 2915 290 2984 a]
311 2914 347 2968 ad
366 2919 429 2968 ante
447 2929 501 2969 ros.
520 2919 540 2965 P
557 2915 567 2983 l
587 2921 602 2969 6
622 2912 799 2981 disciplinam
818 2918 846 2980 P,
865 2929 933 2968 corr.
952 2912 1094 2968 Heuman-
1131 2964 1134 2969 .

82 3001 136 3040 nns
150 2987 190 3053 lt
209 2984 295 3039 uariis
309 2990 337 3050 Ρ,
357 3001 426 3039 corr.
441 2983 573 3039 Halm-ins
586 2986 596 3053 ΙΙ
613 2989 644 3038 10
659 2983 725 3038 solis
739 2985 853 3051 scripsi:
872 2983 928 3038 suis
941 2989 961 3036 P
977 2983 1095 3054 singulis

88 3055 244 3126 Usenernsss
260 3062 291 3109 12
312 3055 353 3109 dis
375 3055 468 3110 utabit
486 3061 506 3107 P
524 3072 558 3109 m,
578 3060 594 3109 1
611 3056 655 3121 tis
673 3055 768 3109 autom
788 3054 940 3109 Votienus:
958 3054 1047 3109 isdem
1061 3060 1095 3122 P;

82 3144 122 3182 an
139 3126 164 3180 is
183 3125 310 3194 enim&
359 3126 454 3180 ilesius
472 3127 575 3180 Thales
593 3127 661 3181 delei
679 3124 900 3181 Eimeniiorsiins
913 3127 923 3195 ΙΙ
939 3131 1043 3180 14-16
1061 3141 1095 3180 eo

84 3199 132 3270 [=
156 3196 223 3265 eho,
250 3203 283 3251 nt
309 3198 384 3252 uidit
405 3197 560 3268 Ripaltr'us]
590 3197 674 3251 altior
698 3227 732 3236 -
755 3197 807 3250 deo
830 3195 967 3252 traditum
990 3198 1096 3252 lectoris

83 3269 232 3325 rimationi
248 3269 375 3323 emblema
394 3269 510 3337 opnonii
528 3269 555 3322 Ι.
575 3268 626 3323 Fr.
647 3268 828 3338 Grononinsll
849 3273 881 3322 16
900 3267 1030 3336 filosophi
1048 3272 1068 3319 Ρ
1086 3267 1096 3338 ll

85 3345 118 3394 17
138 3354 322 3394 anaxamenes
341 3344 361 3391 P
375 3341 385 3407 l
399 3345 433 3394 20
451 3354 545 3392 rerum
560 3339 713 3393 Buherins:
732 3355 798 3393 uero
813 3343 833 3390 Ρ
849 3343 853 3406 l
870 3337 1014 3406 discriptio
1034 3336 1095 3392 Use-

82 3426 179 3465 nerus:
198 3409 350 3479 descriptio
368 3411 411 3478 ΡΙΙ
425 3415 458 3464 21
479 3411 570 3464 motus
590 3409 744 3465 Memmius:
766 3409 865 3464 modus
884 3411 924 3478 ΡΙ
941 3425 1010 3478 opus
1028 3408 1096 3462 deus

71 3481 196 3550 'acrrpu':
215 3481 284 3534 deus
303 3487 331 3549 P,
350 3482 422 3550 qnod
439 3482 531 3549 ipsum
548 3482 580 3536 in
598 3497 667 3549 opus
686 3487 775 3537 mutat
791 3481 930 3535 Bnirerins
944 3481 953 3548 l
968 3484 1002 3532 24
1021 3478 1095 3546 capi·

82 3553 160 3606 tatur
177 3556 197 3603 P
213 3555 218 3621 Ι
233 3551 389 3608 xeonfanen
407 3553 497 3622 ΡΙΙ25
516 3551 676 3608 antistenen
693 3557 721 3607 P.
