2430 3938
144 199 187 264 60
499 196 644 252 uranon
663 174 800 252 runicis

142 344 264 429 ingrati
288 366 412 428 sumus,
440 343 517 427 quid
540 342 634 406 nobis
657 342 853 424 inuidemus,
876 343 905 408 si
928 343 1052 408 ueritas
1075 343 1159 409 diui-

143 434 256 498 nitatis
279 434 384 498 nostri
401 433 557 516 temporis
576 435 684 496 aetate
703 431 882 497 maturuit?
904 431 1051 497 fruamur
1069 433 1159 499 bono

142 526 254 588 nostro
283 524 317 586 et
342 521 450 604 rapula
477 520 558 585 recti
586 521 780 584 sententiam
807 523 1038 604 temperemus:
1068 521 1160 587 cohi·

142 612 259 675 beatur
281 609 485 694 superstitio,
510 609 660 694 impietas
684 609 845 694 expietur,
868 631 946 673 uera
968 609 1085 696 religio
1109 632 1159 676 re·

142 698 320 765 formetur?
1187 717 1200 760 a

92 786 137 853 39
212 785 293 852 Cum
312 785 467 852 Octauius
485 789 679 870 perorasset,
703 785 902 869 aliquamdiu
920 807 980 852 nos
999 787 1041 852 ad
1060 787 1160 854 silen-

143 877 225 941 tium
258 875 433 960 stupefacti
464 875 608 940 intentos
637 874 747 938 uultus
774 874 977 959 tenebamus,
1010 879 1045 939 et
1072 877 1161 961 quod

143 964 184 1029 ad
208 986 274 1048 me,
299 964 406 1028 haesit
429 963 654 1048 magnitudine
678 962 902 1028 admirationis
924 963 1049 1048 lingua,
1073 965 1161 1050 quod

144 1075 191 1138 ea,
215 1074 296 1138 quae
320 1053 447 1118 facilius
471 1056 522 1117 est
544 1052 664 1117 sentire
683 1073 779 1135 quam
798 1051 914 1135 dicere,
937 1057 970 1117 et
988 1073 1161 1138 argumen-

142 1143 186 1206 tis
211 1147 244 1206 et
267 1141 423 1226 exemplis
447 1145 480 1206 et
501 1141 679 1206 lectionum
698 1140 948 1205 auctoritatibus
967 1142 1162 1208 adornasset
1175 1163 1201 1202 ro

144 1235 177 1295 et
201 1231 286 1316 quod
309 1229 488 1296 maleuolos
511 1230 615 1295 isdem
638 1229 703 1293 illis
727 1230 843 1314 quibus
867 1235 1035 1295 armantur
1053 1232 1161 1315 philo·

145 1319 322 1404 sophorum
344 1319 420 1384 telis
443 1318 626 1404 retudisset,
649 1317 844 1383 ostendisset
867 1319 966 1383 etiam
984 1321 1161 1387 ueritatem

91 1408 210 1474 40non
223 1407 448 1473 tantummodo
462 1407 592 1472 facilem
606 1407 661 1471 scd
676 1410 709 1471 ct
722 1406 944 1473 fauorabilem.
968 1408 1045 1473 dum
1057 1410 1161 1476 istaec

144 1497 246 1582 igitur
269 1497 352 1582 apud
376 1517 428 1561 me
450 1497 571 1561 tacitus
594 1495 725 1580 euoluo,
749 1493 908 1561 Caecilius
933 1498 1054 1581 erupit:
1084 1498 1159 1584 ‘ego

145 1584 281 1651 Octauio
305 1607 377 1652 meo
400 1586 576 1670 plurimum
596 1587 761 1670 quantum,
785 1584 840 1649 sed
861 1585 993 1649 etmihi
1011 1589 1200 1671 gratulorrr

144 1696 204 1739 nec
228 1678 362 1759 expecto
387 1675 590 1740 sententiam.
635 1673 773 1737 uicimus
797 1676 830 1737 et
852 1674 911 1738 ita:
935 1675 989 1739 uel
1011 1676 1160 1761 improbe

145 1786 266 1849 usurpo
289 1763 469 1829 uictoriam.
505 1785 581 1826 nam
605 1764 643 1826 ut
665 1761 721 1826 ille
743 1762 805 1825 mei
823 1762 928 1827 uictor
947 1766 1005 1847 est,
1029 1764 1078 1829 ita
1097 1787 1160 1851 ego

109 1869 125 1918 2
145 1853 363 1935 triumphator
383 1852 508 1916 erroris.
546 1852 656 1935 itaque
676 1851 760 1934 quod
779 1851 921 1934 pertinet
939 1851 979 1915 ad
999 1874 1161 1918 summam

146 1944 359 2093 tritten
382 1940 493 2093 ,td
514 1939 738 2092 diutili
753 1939 1161 2098 fertilitati-⁶3
1175 2051 1201 2090 20

146 2117 245 2182 etiam
277 2137 362 2181 nunc
393 2119 504 2180 tamen
537 2116 646 2201 aliqua
673 2117 780 2182 animo
810 2117 983 2182 subsidunt
1010 2140 1076 2184 non
1106 2121 1161 2185 ob·

146 2207 325 2291 strepentia
344 2205 476 2270 ueritati
495 2205 550 2269 sed
570 2205 731 2289 perfectae
748 2205 950 2270 institutioni
968 2209 1161 2294 necessaria,

145 2295 184 2359 de
208 2295 326 2379 quibus
350 2295 501 2378 erastino,
525 2294 700 2378 quodiam
724 2295 773 2358 sol
797 2295 924 2359 occasui
948 2295 1082 2361 decliuis
1102 2301 1161 2376 est,

110 2402 126 2450 3
146 2387 183 2447 ut
202 2384 241 2448 de
259 2387 329 2449 toto
350 2387 563 2468 congruentes
578 2383 760 2467 promptius
775 2383 997 2467 requiremus?
1024 2383 1071 2449 ‘at
1086 2384 1160 2471 ego'

145 2473 278 2557 inquam
293 2471 462 2555 ‘prolixius
477 2473 621 2536 omnium
636 2476 785 2536 nostrum
799 2474 903 2536 uicem
917 2473 1054 2558 gaudeo,
1073 2475 1160 2560 quod
1175 2493 1200 2533 2⁵

217 2705 230 2753 1
251 2698 410 2754 inuidemur
427 2705 447 2751 P
465 2700 475 2768 l
499 2704 514 2753 3
534 2699 632 2768 regula
650 2699 760 2754 addidit
778 2699 949 2756 Dombartus
965 2702 976 2770 l
993 2707 1019 2769 4,
1039 2706 1054 2755 ὅ
1073 2700 1160 2756 refor-

145 2773 238 2825 metur
254 2772 368 2840 scripsi:
386 2773 544 2825 reseruetur
558 2774 579 2821 P
592 2771 765 2823 restauretur
779 2771 963 2826 Heumanaus
976 2772 986 2840 ΙΙ
1000 2777 1016 2826 6
1031 2771 1160 2840 aliquan-

146 2842 194 2896 din
213 2848 232 2894 P
255 2858 324 2898 corr.
348 2843 358 2911 l
382 2847 405 2906 7,
425 2846 441 2895 8
466 2841 542 2910 quod
565 2841 602 2895 ad
626 2857 670 2895 me
690 2843 732 2895 est
750 2841 944 2911 magnitudine
964 2840 1160 2898 admirationis

146 2913 247 2966 euanui
266 2918 298 2981 P;
323 2917 366 2967 est
388 2914 456 2967 delet
474 2911 649 2979 Liadaerua,
672 2913 704 2966 in
727 2928 760 2965 ex
783 2919 872 2967 mutat
890 2914 1089 2980 Hermodorum
1113 2932 1161 2985 ayo

146 2985 211 3038 inde
229 2985 310 3039 elicui
324 2983 415 3051 ESIT,
434 2985 465 3039 id
483 2989 522 3039 cat
534 2983 640 3051 haesit3
658 2984 732 3038 unde
750 2984 950 3053 ineptissimum
967 2986 1040 3039 illud
1058 2987 1161 3041 euanui

146 3056 281 3124 apparuit
294 3072 348 3124 pro
366 3053 465 3124 lingua
483 3056 631 3123 repositum
645 3055 654 3123 [Ι
669 3058 701 3108 11
721 3055 869 3109 maleuolis
886 3061 905 3107 P
923 3073 957 3112 m.
976 3057 1017 3126 111
1033 3061 1065 3109 12
1084 3058 1160 3111 retu·

147 3125 221 3179 disse
240 3127 282 3195 Pss
298 3132 330 3181 13
352 3126 538 3182 laborabilem
556 3131 576 3177 P
592 3128 596 3191 Ι
612 3126 665 3180 iste
684 3126 753 3180 haec
772 3127 815 3194 ΡΙΙ
830 3132 863 3180 15
879 3131 942 3195 post
960 3129 1098 3195 quantum
1116 3129 1160 3183 ia·

146 3198 212 3252 serit
227 3202 258 3250 P:
279 3198 376 3251 eadem
395 3197 601 3266 tranquillitate
621 3212 677 3265 qua
695 3196 826 3263 uiuimus,
845 3215 914 3267 qaue
932 3215 966 3252 ea
984 3213 1007 3252 c.
1025 3201 1068 3264 38,
1083 3203 1101 3252 4
1120 3217 1160 3254 re·

143 3269 233 3337 petitu
250 3268 350 3322 deleuit
373 3267 490 3323 Ursinus
507 3269 517 3336 l
541 3273 573 3321 16
593 3269 640 3321 uel
657 3267 803 3322 Halmius:
822 3271 853 3322 ut
871 3274 890 3320 P
913 3269 923 3337 {l
947 3273 980 3323 18
999 3268 1161 3324 triumfator

148 3345 168 3391 P
184 3343 188 3408 Ι
204 3338 346 3408 pertineat
374 3344 404 3407 P,·
418 3355 486 3395 corr.
501 3338 619 3394 Ursinus
632 3341 689 3408 1119
705 3338 739 3392 de
759 3338 884 3406 Ursinus,
901 3354 958 3393 uno
977 3355 1024 3408 ego
1038 3341 1139 3396 addidi
1152 3341 1161 3412 ll

146 3416 179 3463 21
205 3409 301 3478 aliqua
328 3411 373 3464 aio
394 3409 542 3464 subsidunt
559 3411 672 3479 11111111
690 3409 786 3478 aliqua
804 3410 1008 3465 consubsidunt
1025 3415 1045 3462 P
1064 3411 1160 3482 aliqua

148 3481 298 3535 subsidunt
312 3480 495 3536 Heumannus
508 3483 517 3550 l
531 3486 566 3534 24
586 3482 771 3550 congruentes
791 3481 942 3537 Votienus.-
960 3483 1161 3552 congruentius

146 3558 166 3605 P
183 3557 186 3623 1
203 3553 240 3607 ad
258 3568 311 3623 ego
330 3558 349 3604 P
367 3570 402 3608 m.
421 3554 510 3622 1l25
528 3551 620 3606 uicem
639 3553 836 3608 Heumanaus:
853 3553 916 3608 uice
933 3558 962 3609 P.
