2430 3938
133 222 176 288 28
490 220 635 276 MINUCII
653 219 790 276 FELICIS

104 366 358 451 praecipuum,
386 365 603 451 Speusippum
630 365 697 429 uim
726 364 938 445 [naturalem]
965 363 1150 451 animalem,

99 477 198 538 squa
222 455 331 518 omnia
353 459 522 539 regantur,
545 455 639 518 deum
662 475 768 517 nosse.
806 451 905 535 quid?
933 450 1151 539 Democritus,

135 545 284 628 quamuis
305 547 487 608 atomorum
506 543 629 625 primus
648 543 810 624 inuentor,
832 561 939 605 nonne
958 541 1154 626 plerumque

134 636 286 696 naturam
306 653 389 714 quae
410 631 569 716 imagines
587 630 704 694 fundat
722 633 755 694 et
772 628 1033 712 intellegentiam
1052 628 1151 695 deum

135 719 301 803 loquitur?
340 717 473 784 Straton
506 739 633 804 quoque
666 723 699 782 et
734 718 804 802 ipse
836 717 1009 782 naturam?
1047 718 1186 784 etiams

135 807 295 890 Epicurus
324 808 394 891 ille,
422 809 478 892 qui
502 808 579 872 deos
603 811 660 872 aut
683 806 807 871 otiosos
830 805 926 890 fingit
951 808 1008 870 aut
1030 806 1151 892 nullos,

100 920 115 968 9
135 900 286 959 naturam
312 901 423 960 tamen
447 895 647 980 superponit.
692 895 883 960 Aristoteles
909 894 1016 959 uariat
1039 898 1073 959 et
1096 895 1151 960 ad-

112 1060 114 1062 ·
137 984 246 1068 signat
268 988 378 1049 tamen
396 1007 494 1049 unam
513 986 723 1069 potestatem,
747 1005 823 1047 nam
844 982 975 1047 interim
999 986 1152 1068 mentem,

135 1072 291 1136 mundum
323 1073 455 1137 interim
487 1073 581 1137 deum
614 1071 706 1156 dicit,
737 1071 872 1136 interim
903 1070 1024 1136 mundo
1056 1072 1152 1137 deum

135 1160 289 1243 praeficit.
326 1161 515 1227 Heraclides
538 1161 692 1225 Ponticus
716 1182 842 1245 quoque
872 1159 977 1224 eidem
1005 1160 1152 1226 diuinam
1164 1180 1187 1221 ro

86 1273 117 1321 10
137 1252 279 1313 mentem
298 1251 448 1333 quamuis
471 1249 562 1316 uarie
586 1248 749 1314 adscribit.
787 1247 1032 1333 Theophrastus
1052 1249 1152 1315 etiam

137 1337 253 1421 uariat,
276 1339 356 1403 alias
379 1339 509 1419 mundo,
533 1338 612 1402 alias
632 1338 734 1402 menti
753 1337 881 1402 diuinae
899 1337 1046 1401 tribuens
1064 1337 1153 1422 prin-

137 1426 288 1509 cipatum.
330 1425 440 1492 Zenon
468 1431 500 1492 et
524 1424 725 1511 Chrysippus
754 1432 787 1491 et
810 1424 984 1491 Cleanthes
1014 1429 1093 1490 sunt
1119 1430 1152 1491 et

136 1515 200 1598 ipsi
224 1515 450 1601 multiformes,
473 1516 529 1580 sed
553 1516 593 1580 ad
616 1516 776 1580 unitatem
794 1513 1020 1599 prouidentiae
1039 1535 1152 1580 omnes

137 1603 358 1670 reuoluuntur.
392 1602 565 1670 Cleanthes
584 1605 671 1668 enim
690 1607 832 1668 mentem
850 1603 946 1668 modo
966 1607 1064 1688 atque
1084 1604 1152 1669 ani·
1166 1622 1189 1664 a

136 1713 235 1774 mum,
254 1693 349 1759 modo
365 1694 506 1777 aethera,
524 1693 715 1778 plerumque
729 1692 889 1756 rationem
903 1691 997 1756 deum
1012 1691 1153 1759 disserit.

136 1777 257 1864 Zenon,
280 1782 423 1847 eiusdem
441 1783 606 1867 magister,
628 1781 812 1846 naturalem
830 1781 936 1866 legem
954 1779 1101 1846 diuinam
1121 1784 1154 1846 et

138 1868 271 1932 aethera
302 1869 434 1935 interim
464 1870 689 1954 interdumque
717 1871 877 1934 rationem
904 1868 977 1932 uult
1005 1868 1153 1934 omnium

139 1976 208 2018 esse
239 1957 452 2042 principium3
484 1958 569 2022 idem
601 1957 843 2042 interpretando
875 1956 1033 2021 Iunonem
1067 1979 1153 2042 aera,

137 2040 249 2107 Iouem
268 2046 402 2128 caelum,
424 2045 614 2129 Neptunum
636 2067 733 2130 mare,
756 2047 865 2130 ignem
884 2066 954 2110 esse
968 2043 1153 2112 Vulcanum
1167 2067 1191 2107 n

138 2135 171 2194 et
201 2136 326 2197 ceteros
359 2133 510 2198 similiter
541 2134 635 2218 uulgi
667 2134 744 2198 deos
776 2134 936 2198 elementa
963 2155 1033 2198 esse
1062 2156 1150 2200 mon·

139 2221 272 2287 strando
296 2222 461 2305 publicum
486 2223 595 2307 arguit
618 2221 762 2307 grauiter
785 2224 818 2286 et
840 2221 979 2287 reuincit
1002 2243 1152 2288 errorem.

87 2331 119 2378 11
139 2309 251 2374 eadem
279 2309 346 2374 fere
370 2309 584 2395 Chrysippus:
611 2311 679 2374 uim
703 2310 847 2374 diuinam
875 2310 1068 2375 rationalem
1094 2333 1152 2376 na-

138 2400 246 2461 turam
275 2403 308 2462 et
335 2399 504 2483 mundum,
536 2399 666 2463 interim
695 2402 727 2462 et
759 2399 893 2463 fatalem
926 2400 1153 2464 necessitatem

212 2646 225 2693 1
241 2643 393 2711 zeuxippus
408 2649 435 2709 P,
450 2658 518 2698 corr.
536 2641 665 2697 Gelenius
688 2645 692 2709 1
714 2643 872 2697 naturalem
887 2644 1092 2712 dittoaraphun
1106 2645 1152 2699 dc-

140 2713 205 2766 lcuit
228 2713 366 2767 Danielus
388 2716 398 2782 11
421 2719 436 2766 2
464 2729 558 2776 nosse;
587 2730 653 2768 num
676 2712 832 2781 posuisse?
856 2715 865 2782 11
888 2719 904 2768 3
933 2713 1153 2768 athomorumP

139 2799 173 2836 n.
193 2786 266 2851 214
286 2785 469 2852 supplencrini
486 2800 520 2837 aa
540 2783 593 2838 (lic.
613 2785 639 2838 d.
658 2801 686 2837 n.
706 2785 732 2840 d.
751 2783 764 2835 l
783 2790 798 2849 ς
817 2789 864 2838 29:
887 2783 989 2838 fundat
1011 2785 1041 2838 et
1062 2783 1153 2856 <ima-

140 2851 220 2922 gines
239 2854 315 2923 ipsas
335 2857 364 2909 et
381 2853 529 2926 nostram>
546 2854 770 2923 intellegentiam
784 2857 823 2922 118
842 2854 891 2908 uni
906 2854 1087 2923 Wopkensius
1104 2855 1153 2909 uni

105 2964 110 2971 .
141 2942 278 2979 summam
298 2927 436 2996 Machlyfl
452 2930 485 2978 10
499 2931 564 2993 post
581 2926 710 2994 praeficit
728 2927 808 2980 addit
823 2931 855 2977 P:
875 2923 1004 2979 aristoles
1022 2924 1153 2994 ponticus

140 2995 231 3050 uariat
254 2996 325 3049 alias
348 2997 451 3050 mundo
476 2996 546 3050 alias
569 2995 656 3049 menti
677 2995 789 3050 diuinae
807 2994 933 3050 tribuens
952 2995 1152 3065 principatum,

140 3082 209 3135 quae
227 3067 329 3120 abiecto
347 3069 396 3122 ilio
413 3067 542 3120 aristoles
556 3067 687 3136 ponticus
702 3069 733 3121 in
748 3068 796 3122 lin.
813 3072 846 3121 12
864 3071 927 3134 past
940 3066 1152 3135 Theophrastus
1169 3119 1172 3122 1

140 3137 227 3190 etiam
250 3138 422 3204 transposuit
441 3138 469 3192 0.
489 3137 597 3192 Roeren
621 3140 625 3204 1
651 3137 742 3191 eidem
761 3138 829 3205 (scil.
848 3138 961 3207 mundo)
981 3139 1094 3207 scripsi:
1117 3138 1153 3193 de

141 3207 193 3262 deo
211 3212 231 3259 P
249 3208 353 3262 mundo
372 3207 516 3277 Saunpius
537 3210 546 3278 11
571 3213 602 3261 11
622 3207 793 3262 theolrastus
813 3208 843 3262 et
861 3225 948 3262 aenon
966 3214 999 3276 P;
1024 3209 1059 3276 cf.
1079 3210 1116 3264 ad
1135 3211 1154 3264 l.

143 3284 188 3345 103
217 3279 303 3332 etiam
329 3293 381 3347 pro
409 3281 438 3333 et
462 3278 628 3348 Vahlenusu
652 3284 684 3333 13
709 3279 854 3348 crysippus
877 3285 909 3347 P,
932 3282 965 3333 at
987 3285 1012 3334 ct
1029 3285 1127 3348 postca
1144 3280 1155 3352 11

142 3355 175 3404 15
194 3350 316 3404 mentem
330 3349 413 3403 modo
429 3350 553 3404 animum
566 3355 594 3416 P,
613 3351 686 3418 quod
699 3350 846 3405 seeundum
862 3348 916 3404 (lic.
931 3350 958 3404 d.
973 3367 1001 3404 n.
1017 3352 1042 3405 a.
1059 3351 1102 3417 Is
1117 3357 1151 3405 37

140 3423 243 3476 sanaui
261 3421 403 3474 inscrenda
421 3422 514 3488 atque,
534 3422 606 3489 qnod
619 3426 639 3472 P
656 3421 729 3486 falso
745 3421 777 3474 in
791 3420 840 3475 lin.
857 3425 890 3474 1‘1
905 3421 1011 3476 inhibet
1024 3423 1033 3490 1
1048 3426 1081 3475 16
1097 3421 1154 3475 dis·

142 3493 229 3546 seruit
248 3495 279 3558 P,
303 3507 371 3546 corr.
391 3491 529 3546 Danielus
550 3492 561 3559 11
586 3498 616 3547 17
636 3491 794 3546 naturalem
811 3490 904 3559 legem
924 3493 1008 3560 atque
1027 3490 1155 3547 diuinam

140 3568 168 3634 P,
188 3580 221 3618 aa
239 3564 338 3633 quihus
356 3564 440 3630 atque
459 3563 563 3617 rainoni
579 3563 612 3616 in
631 3564 679 3617 lin.
701 3567 733 3616 15
752 3563 799 3632 (cf.
819 3562 875 3617 Oia.
895 3562 912 3616 l.
931 3563 949 3617 l.
968 3568 984 3629 ς
1003 3567 1057 3631 36).
