2430 3938
135 182 155 245 6
485 180 630 236 ntuuon
650 178 788 236 nnnors

134 350 174 392 ex
196 329 289 411 parte
312 325 431 390 artium
455 325 553 389 etiam
578 325 794 410 sordidarum,
817 328 940 390 eertum
964 325 1090 410 aliquid
1110 325 1152 390 de

133 438 261 481 summa
283 437 389 479 rerum
413 437 451 480 ao
474 415 641 479 maiestate
664 414 843 496 decernere,
866 415 905 479 de
927 435 990 498 qua
1008 417 1060 480 tot
1081 436 1153 480 om·

133 506 229 570 nibus
263 503 400 569 saeculis
434 507 594 568 sectarum
626 503 767 588 plurime
799 524 878 568 eura
908 525 1009 588 usque
1041 503 1152 570 adhuc

99 594 206 677 nipsa
228 592 437 677 philosophia
461 592 627 656 deliberet.
660 614 721 657 neo
739 592 900 676 inmerito,
925 614 998 657 eum
1016 595 1152 658 tantum

133 683 220 747 absit
244 683 285 746 ab
310 683 532 767 exploratione
556 681 666 744 diuina
695 680 837 745 humana
863 679 1083 763 mediocritas,
1112 686 1152 748 ut
1178 704 1190 746 s

132 792 238 854 neque
271 791 353 854 quae
386 793 485 856 supra
516 791 577 834 nos
608 770 696 834 caelo
726 791 882 853 suspenso
911 764 1041 834 sublata
1071 774 1151 836 sunt

132 880 236 944 neque
260 880 342 943 quae
366 859 451 923 infra
473 864 562 923 terra
583 859 617 922 in
639 857 801 942 profunda
824 858 971 922 demersa
994 861 1072 922 sunt
1091 864 1152 925 aut

133 948 215 1012 seire
243 949 300 1018 sit,
314 949 426 1013 datum
449 950 507 1011 aut
530 948 666 1012 serutari
689 948 883 1031 permissum
908 949 964 1010 aut
987 947 1150 1030 suspicari

132 1037 322 1120 religiosum
346 1040 379 1101 et
400 1037 489 1100 beati
513 1036 593 1100 satis
617 1036 760 1120 satisque
778 1036 953 1120 prudentes
971 1035 1041 1100 iure
1059 1036 1149 1102 uide·

132 1148 238 1206 amur,
271 1126 299 1189 si
326 1126 499 1190 secundum
532 1124 613 1189 illud
642 1125 761 1189 ueteris
795 1124 951 1207 sapientis
979 1126 1149 1190 oraculum
1163 1148 1187 1187 n

41 1246 44 1250 ·
98 1214 113 1262 6
132 1218 261 1279 nosmet
283 1215 371 1297 ipsos
395 1213 587 1278 familiarius
610 1212 806 1279 nouerimus.
840 1214 896 1279 sed
915 1217 1076 1298 quatenus
1098 1215 1149 1278 in-

132 1303 303 1387 dulgentes
339 1303 453 1367 insano
487 1305 584 1386 atque
616 1302 727 1386 inepto
760 1302 866 1366 labori
898 1303 985 1367 ultra
1016 1302 1148 1367 humili-

130 1392 210 1456 tatis
234 1395 365 1456 nostrae
389 1391 548 1456 terminos
572 1412 750 1476 enagamur
769 1391 853 1455 etin
871 1393 991 1455 terram
1010 1391 1149 1476 proiecti

131 1482 254 1545 caelum
288 1481 393 1564 ipsum
422 1483 455 1544 et
481 1480 553 1563 ipsa
580 1479 685 1544 sidera
713 1479 827 1544 audaci
854 1480 1010 1563 cupiditat
1055 1482 1147 1545 tran-

132 1569 323 1652 scendimus,
346 1568 398 1633 uel
422 1568 507 1634 hunc
531 1590 671 1633 errorem
696 1568 813 1632 saltem
831 1590 898 1633 non
916 1568 1008 1632 uanis
1029 1573 1063 1634 et
1080 1569 1146 1634 for·
1160 1589 1184 1631 n

96 1655 301 1722 ⁷midulosis
325 1657 532 1741 opinionibus
555 1657 768 1742 implicemus,
806 1657 873 1721 sint
894 1657 1053 1741 principio
1078 1680 1146 1723 om-

130 1747 220 1810 nium
248 1746 372 1810 semina
398 1751 517 1811 natura
545 1746 579 1810 in
602 1769 636 1811 se
660 1750 795 1829 cogente
818 1746 966 1810 densata:
995 1747 1068 1830 quis
1092 1747 1147 1813 hic

131 1839 243 1899 auctor
261 1834 362 1899 deus?
382 1835 448 1898 sint
466 1834 610 1899 fortuitis
630 1834 896 1901 concursionibus
914 1834 1015 1900 totius
1030 1835 1145 1901 mundi

131 1922 277 1986 membra
304 1923 422 1987 coalita
449 1922 577 2005 digesta
599 1923 753 1989 formata:
781 1923 853 2008 quis
876 1923 954 1988 deus
979 1923 1145 1990 machina-

129 2010 204 2075 tor?
229 2010 335 2076 sidera
353 2011 429 2075 lieet
447 2012 533 2096 ignis
553 2012 746 2098 accenderit,
765 2034 820 2077 aer
838 2013 962 2077 eaelum
980 2013 1057 2078 lioet
1075 2035 1145 2079 sus·
1159 2035 1183 2075 so

129 2100 291 2184 penderit,
315 2121 374 2164 sua
396 2100 533 2165 materia
554 2101 630 2166 lieet
651 2104 773 2166 terram
796 2101 980 2166 fundauerit
1002 2102 1145 2186 pondere

130 2192 162 2252 et
186 2210 275 2254 mare
297 2189 374 2253 lieet
397 2189 588 2254 confluxerit
611 2211 628 2253 e
651 2190 791 2274 liquore:
814 2189 899 2255 unde
917 2190 998 2255 haec
1016 2191 1145 2276 religio,

128 2329 229 2382 horum
248 2329 288 2384 ed.
305 2345 349 2398 pr.
366 2330 371 2394 1
387 2328 455 2382 rude
474 2330 517 2399 111
537 2335 551 2382 1
571 2345 605 2382 ex
623 2331 703 2399 parte
721 2330 822 2399 scripsi
838 2330 937 2400 (snpra
950 2347 982 2402 p.
996 2329 1073 2400 XX)=
1098 2347 1145 2385 ex·

128 2401 221 2468 peries
235 2405 254 2450 P
268 2401 307 2468 112
327 2399 373 2454 dei
388 2404 451 2468 post
464 2400 613 2454 maiestate
627 2402 737 2455 addidit
752 2400 903 2469 Wirtiiins;
920 2402 967 2456 sed
980 2417 1073 2455 rerum
1087 2407 1146 2456 tam

129 2471 167 2524 ad
186 2487 294 2524 summa
312 2470 407 2539 (Luer.
427 2469 453 2523 ΙΙ
472 2474 535 2538 303)
554 2488 636 2540 qnam
654 2473 692 2526 ad
710 2471 858 2526 maiestate
877 2473 975 2543 (anr.
996 2472 1051 2526 V2
1071 2479 1097 2527 et
1115 2477 1146 2544 8)

128 2546 231 2610 spectat
252 2543 256 2610 1
277 2557 333 2610 que
351 2559 386 2596 na.
405 2546 421 2595 1
441 2557 475 2596 ea
492 2557 547 2610 quo
566 2547 586 2594 P
604 2543 614 2611 1
634 2546 650 2594 3
662 2542 791 2666 plurima
809 2558 876 2596 cura
894 2545 939 2612 (=
957 2544 1145 2614 meditatione)

128 2613 274 2680 temptaui:
291 2611 476 2682 plurimarum
490 2618 510 2665 P
523 2613 563 2680 14
581 2613 661 2668 filoso
682 2631 700 2667 a
713 2619 733 2666 P
746 2615 756 2684 11
770 2619 785 2667 6
802 2630 936 2682 suspenso
950 2615 1063 2682 scripsi.-
1082 2632 1145 2669 sus-

128 2699 216 2752 pensa
233 2689 266 2749 P;
285 2684 320 2751 cf.
340 2700 380 2739 ea.
400 2700 440 2752 pr.
457 2700 526 2752 pan.
546 2685 583 2738 ad
600 2684 683 2739 Meos.
699 2689 733 2738 23
750 2687 755 2753 1
770 2683 884 2738 sublata
901 2686 969 2739 delet
986 2685 1123 2742 Usenerns
1140 2687 1144 2759 1

129 2759 145 2807 ‘1
164 2756 268 2808 terram
286 2755 427 2824 profunda
444 2759 471 2822 P,
491 2755 599 2810 correrii
617 2755 764 2823 (profundo
782 2755 953 2826 Bursianas)
975 2757 986 2824 1
1007 2761 1025 2810 8
1043 2756 1146 2812 datum

128 2825 161 2876 ut
175 2827 298 2879 scrutare
312 2831 345 2892 P;
359 2828 450 2892 forma
462 2827 570 2894 plebeia
584 2844 602 2880 a
612 2825 740 2881 Minucio
754 2828 874 2882 arcenda
890 2831 894 2895 1
910 2825 1047 2896 suspicari
1057 2826 1146 2883 Dom-

128 2895 237 2950 tnrtns:
256 2896 379 2966 stuprari
396 2902 429 2962 P3
448 2901 533 2952 totam
551 2897 629 2951 coion
652 2896 784 2952 Usencrns
801 2899 842 2952 sic
859 2899 983 2954 rescribit
1001 2898 1052 2953 sut
1071 2900 1147 2954 scire

128 2966 166 3020 sit
189 2966 285 3020 dutum
310 2969 360 3021 eut
379 2968 496 3022 serutari
514 2966 691 3037 religiosum
715 2975 745 3024 at
762 2973 801 3024 est
818 2969 891 3024 iiind
908 2975 934 3024 et
951 2975 1030 3033 arira
1048 2969 1145 3040 bipar-

127 3038 195 3091 titae
213 3039 348 3093 orationis
361 3039 581 3106 parallelismnm
596 3040 718 3108 positam
736 3045 761 3094 et
777 3041 818 3095 sic
833 3045 908 3095 recta
920 3041 1085 3110 predatione
1098 3043 1145 3096 de·

125 3109 245 3164 scandit:
264 3109 393 3162 scientiae
411 3111 527 3164 materia
546 3111 692 3180 denepata,
711 3111 912 3166 examinationi
929 3112 1016 3167 obices
1032 3113 1145 3182 sirueii,

126 3180 284 3235 coniectura
297 3181 417 3248 proinde
434 3182 516 3249 inpia
528 3183 538 3250 11
554 3187 586 3235 10
605 3181 708 3236 ueteris
726 3182 875 3237 Usenerns:
892 3183 975 3236 uetus
988 3187 1008 3234 P
1021 3184 1031 3250 1
1046 3188 1079 3238 11
1094 3199 1144 3237 co-

127 3253 211 3319 gente
229 3250 342 3319 seripsi:
366 3254 483 3306 coeunte
502 3257 535 3319 1’3
558 3253 593 3319 cf.
613 3252 669 3308 Gir.
689 3253 715 3308 d.
734 3270 761 3307 n.
780 3254 807 3308 d.
825 3252 839 3305 I
857 3258 901 3318 24,
920 3259 966 3320 66;
996 3253 1075 3324 Verp.
1094 3256 1144 3309 eci.

127 3328 152 3387 6,
173 3327 206 3375 31
229 3323 233 3391 1
249 3320 308 3393 hic]
332 3320 377 3375 his
395 3322 578 3377 Heumannns
596 3323 605 3392 1
624 3329 658 3377 20
677 3340 725 3378 aer
748 3325 799 3394 (er)
818 3326 930 3394 scripsi:
953 3326 983 3379 et
997 3329 1031 3392 P3
1055 3326 1145 3382 delere

126 3394 230 3447 mancii
248 3392 403 3462 Haiminsss
417 3398 450 3446 21
470 3394 655 3463 suspenderit,
674 3411 725 3448 sua
743 3395 863 3449 materia
879 3396 992 3464 scripsi:
1014 3410 1065 3449 sua
1082 3414 1143 3452 rna·

126 3463 198 3518 teria
216 3463 393 3533 suspenderit
409 3465 500 3534 2122
519 3468 548 3519 et
567 3481 643 3519 mare
663 3467 692 3520 et
710 3465 779 3520 licet
797 3471 860 3520 ante
877 3482 1005 3521 rasuram
1019 3471 1040 3518 P
1056 3470 1060 3535 1
1076 3483 1144 3522 con-

125 3533 238 3590 fluxerit
255 3535 408 3591 Danisins:
426 3536 566 3590 influxerit
585 3541 604 3586 P
