2430 3938
70 225 72 229 ·
143 199 261 256 XXVIII
447 198 615 256 EDITORIS
634 198 850 256 PRAEFATIO.

144 346 309 411 artibusue
342 349 418 410 sunt
446 344 619 409 commenti
650 365 754 428 neque
783 344 914 409 omnino
947 344 981 409 in
1010 345 1158 429 disputa-

142 435 265 499 tionem
288 433 342 507 hic
365 436 528 498 uocantur.
566 433 732 516 scriptoris
756 437 864 497 autem
889 433 1049 498 sententia
1072 435 1156 501 haec

144 527 205 587 est:
238 523 355 586 diuites
384 521 501 604 opibus
534 521 601 586 suis
633 522 774 604 exempti
803 522 889 585 curis
916 523 1053 587 terrenis
1080 545 1157 588 cum

143 614 278 694 possent
306 612 429 674 caelum
457 611 620 693 suspicere
643 613 676 673 et
698 609 733 673 in
755 631 807 674 res
832 609 959 674 diuinas
982 610 1158 698 inquirere,

146 700 226 783 ipsis
251 698 375 763 diuitiis
403 698 538 781 inpediti
562 719 689 782 semper
711 719 826 762 aurum
849 699 1010 781 suspicere
1033 699 1157 765 melue-

144 790 234 868 runt3
259 789 426 851 utcontra
448 808 607 870 pauperes
630 786 720 850 faece
742 791 872 850 terrena
891 787 1033 869 depressi
1056 788 1157 872 inque

144 875 277 939 humum
296 875 413 940 abiecti
433 896 505 939 ecce
525 876 606 940 bene
625 879 813 938 meruerunt
828 875 867 939 de
882 895 997 959 genere
1012 875 1157 944 humano

143 963 285 1027 inuentis
305 963 380 1028 suis.
408 965 549 1028 eruimus
567 963 668 1047 igitur
682 962 889 1047 ‘prostratos'
904 985 942 1028 cx
957 963 1158 1051 ‘nostrates'3

146 1072 205 1115 neo
236 1050 421 1116 dubitamus
455 1052 533 1136 quin
564 1051 719 1117 Octauius
752 1052 792 1116 ad
824 1051 905 1115 illud
933 1050 1157 1118 Caecilianum

144 1138 194 1202 ‘in
216 1142 337 1203 terram
360 1139 512 1223 proiecti'
535 1137 576 1224 (c.
595 1140 630 1224 5,
652 1137 687 1225 6)
712 1139 876 1205 adluserit.
911 1140 1021 1204 eadem
1045 1147 1158 1208 autem

144 1227 352 1313 neglegentia
385 1227 550 1311 stupidum
581 1228 787 1293 librariorum
816 1248 916 1312 genus
944 1228 1089 1294 foedauit
1116 1252 1158 1297 ea

145 1336 226 1398 quae
255 1319 417 1398 secuntur,
446 1317 604 1400 siquidem
632 1316 708 1400 quid
737 1316 800 1381 sibi
824 1317 903 1381 uelit
930 1321 987 1381 aut
1010 1315 1158 1383 ‘commi-

143 1404 226 1469 nisci
255 1403 473 1488 prudentiam'
502 1410 558 1469 aut
585 1404 785 1489 ‘prudentiae
812 1404 996 1488 disciplina'
1025 1405 1070 1471 eis
1099 1407 1157 1491 qui

143 1493 255 1576 inepta
290 1492 456 1578 refugiunt
489 1494 772 1561 obscurrissimum
804 1497 867 1576 est,
899 1514 1012 1558 uerum
1045 1497 1156 1561 autem

144 1581 249 1663 aperit
275 1581 309 1646 id
336 1582 421 1666 quod
449 1581 614 1666 praecedit
642 1581 707 1646 ‘uel
735 1582 763 1646 si
791 1582 847 1665 qui
875 1581 932 1646 alii
959 1583 1079 1646 artium
1107 1604 1157 1647 rc·

142 1668 310 1752 pertores'.

210 1758 348 1841 0.17,2
373 1778 430 1824 cos
452 1758 562 1839 quibas
588 1759 695 1823 accitas
717 1764 844 1842 erectas,
870 1758 980 1840 quibas
1001 1765 1158 1841 suspectas

143 1847 179 1910 ia
202 1847 319 1910 coelum
341 1847 433 1911 datas
455 1851 506 1930 ecl,
528 1867 626 1912 samo
649 1852 678 1911 ct
699 1848 789 1930 ratio,
808 1867 867 1928 per
889 1868 967 1928 qaue
989 1849 1079 1912 deam
1100 1851 1157 1914 ad-

103 1961 105 1967 s
141 1935 316 2016 promimus
342 1935 491 2000 sentimas
517 1936 687 2000 imitamur.
730 1939 858 2000 constat
889 1935 985 2000 hodie
1017 1936 1056 2000 de
1084 1959 1157 2002 uer·

145 2023 259 2086 borum
279 2021 397 2087 ‘sermo
417 2026 449 2088 et
467 2021 563 2088 ratio'
583 2025 629 2088 sic
652 2023 736 2087 nude
756 2024 980 2088 adiunctorum
1000 2024 1155 2107 deprava·

143 2110 241 2175 tione.
264 2112 433 2194 proposuit
456 2115 564 2176 autem
588 2116 763 2195 praeeunte
783 2111 984 2195 Wopkensio
1003 2111 1156 2178 Halmius

145 2197 251 2262 ‘datus
270 2203 320 2263 est
343 2204 375 2263 et
398 2199 523 2264 sermo'.
561 2200 647 2284 quod
670 2221 736 2263 non
759 2203 854 2282 recte,
878 2205 914 2264 ut
936 2204 1025 2284 puto,
1047 2201 1156 2285 inpro-

144 2287 236 2351 bauit
259 2285 431 2371 Usenerus,
455 2288 509 2371 qui
533 2288 568 2351 in
590 2289 648 2352 illo
672 2287 791 2353 ‘sermo
815 2291 847 2352 et
870 2286 968 2353 ratio'
992 2290 1060 2354 uim
1083 2311 1158 2374 gra·

145 2375 284 2439 dationis
322 2377 427 2440 inesse
465 2377 527 2441 sibi
563 2377 757 2460 persuadens
794 2377 928 2441 rescribi
964 2378 1069 2442 uoluit
1104 2377 1156 2444 ‘in

145 2464 280 2547 caelum,
304 2465 422 2548 quibus
442 2464 536 2529 datus
556 2470 606 2529 est
625 2487 730 2530 sermo
751 2470 782 2529 et
801 2463 905 2530 ratio'.
938 2487 1050 2530 uerum
1070 2468 1156 2532 enim

144 2572 221 2617 uero
250 2552 443 2617 facultatum
471 2553 685 2618 humanarum
713 2576 839 2618 summa
867 2553 919 2618 hic
943 2554 1070 2637 quidem
1099 2555 1157 2620 ha·

145 2641 240 2704 betur
259 2641 292 2704 in
311 2641 421 2705 uerbis
435 2639 564 2724 ‘quibus
580 2643 689 2706 uultus
704 2647 838 2725 erectus,
852 2643 969 2726 quibus
987 2647 1156 2726 suspectus

144 2729 178 2792 in
211 2728 355 2810 caelum',
388 2729 506 2813 quippe
538 2751 595 2812 per
623 2751 703 2813 quae
731 2752 802 2795 oum
835 2730 975 2794 maxime
1007 2730 1156 2797 hominos

146 2822 351 2899 opponantur
378 2818 483 2881 beluis
515 2818 627 2900 pronis
659 2818 694 2881 in
725 2823 909 2902 terramque
935 2820 1157 2904 uergentibns.

145 2904 254 2988 itaque
292 2927 397 2970 sermo
431 2910 463 2969 et
495 2905 593 2986 ratio,
627 2907 837 2990 quantumuis
869 2929 926 2990 pcr
958 2929 993 2971 se
1025 2909 1157 2974 maioris

145 2995 314 3076 momenti,
337 2993 390 3058 hio
413 2997 540 3058 tantum
564 2999 674 3058 utres
698 2996 838 3059 minores
862 2994 995 3079 adiungi
1018 3001 1158 3079 possunt

145 3102 203 3165 per
223 3081 402 3165 simplicem
421 3082 580 3165 copulam,
598 3103 665 3146 non
683 3104 741 3166 per
759 3084 933 3166 repetitum
951 3087 1049 3148 tertio
1069 3106 1157 3150 cum·

145 3190 207 3252 que
238 3169 429 3252 gradatione
453 3169 604 3254 ‘quibus'.
650 3172 765 3236 uitium
794 3177 901 3236 autem
931 3177 1093 3237 nontam
1122 3174 1158 3238 in

146 3257 267 3322 omissa
303 3259 411 3342 aliqua
444 3260 561 3342 copula
592 3280 689 3342 quam
721 3260 859 3344 inipso
892 3261 992 3325 uerbo
1025 3260 1157 3327 ‘sermo'

144 3347 244 3410 latere
268 3345 350 3410 mihi
372 3346 509 3411 uidetur.
551 3347 627 3431 quid
650 3348 758 3412 enim?
789 3371 866 3413 num
895 3370 1015 3427 sermo,
1044 3350 1158 3415 dotum

145 3434 358 3500 humanarum
383 3457 459 3499 sane
483 3457 580 3519 quam
603 3438 788 3520 praecipua,
811 3437 864 3502 hic
887 3437 1061 3521 quidquam
1085 3460 1157 3521 per-

146 3523 231 3587 tinet
253 3524 294 3588 ad
316 3524 527 3609 propositum,
551 3546 705 3609 quocum
727 3547 786 3608 per
804 3530 927 3590 ceteros
952 3547 1066 3591 sensus
1084 3531 1157 3593 tum
