2430 3938
118 189 164 255 50
476 188 776 245 nmucurnnrcrs

118 356 178 400 nos
207 334 371 400 occultare
399 333 486 419 quod
513 334 663 417 eclimus,
691 334 719 399 si
744 335 878 400 delubra
905 337 939 399 et
965 356 1039 400 aras
1067 357 1136 400 non

117 423 298 488 habemus?
332 422 418 507 quod
446 422 532 488 enim
565 423 773 490 simulacrum
801 423 859 489 deo
886 423 1023 508 fingam,
1051 445 1137 506 cum,

119 513 147 576 si
173 515 261 577 recta
289 511 486 595 existimem,
519 512 564 576 sit
592 511 645 576 dei
672 511 772 576 homo
799 512 870 597 ipse
903 512 1135 578 simulacrum?

118 601 276 684 templum
295 600 381 684 quod
399 601 430 664 ei
454 604 609 682 extrusum,
634 623 707 665 oum
725 603 814 665 totus
833 601 1044 666 hismundus
1064 603 1136 666 eius

82 705 99 754 Ρ
121 710 219 772 opera
237 688 416 753 fabricatus
435 711 510 754 eum
528 710 641 773 capere
660 710 727 754 non
745 689 872 772 possit?
895 694 1015 754 etcum
1032 689 1134 755 homo
1162 709 1176 750 s

119 777 218 842 latius
255 799 419 860 maneam,
455 778 543 841 intra
575 799 673 842 unam
709 777 889 842 aediculam
921 779 989 843 uim
1020 781 1136 844 tantae

122 865 305 932 maiestatis
329 865 515 931 includam?
539 887 646 931 nonne
669 866 784 931 melius
803 867 838 931 in
855 870 969 932 nostra
985 865 1138 932 dedican-

121 955 181 1020 dus
206 957 257 1019 est
280 958 397 1037 mente,
421 954 456 1018 in
478 957 591 1018 nostro
614 955 714 1020 immo
739 955 973 1020 consecrandus
991 959 1042 1020 est
1064 976 1136 1039 pec-

121 1041 215 1108 tore?
243 1042 370 1108 hostias
395 1047 428 1107 et
449 1043 599 1107 uictimas
622 1043 682 1108 deo
706 1042 855 1126 offeram,
878 1065 959 1127 quas
981 1044 1017 1107 in
1039 1065 1136 1109 usum

121 1132 186 1196 mei
212 1131 363 1216 protulit,
390 1134 428 1196 ut
454 1131 584 1196 reiciam
612 1133 641 1195 ei
669 1154 763 1197 suum
793 1131 933 1197 munus?
969 1133 1135 1218 ingratum
1149 1152 1176 1194 ια

121 1223 184 1304 est,
217 1240 291 1285 cum
325 1219 369 1285 sit
400 1219 535 1286 litabilis
562 1219 673 1285 hostia
699 1221 805 1286 bonus
835 1221 964 1286 animus
992 1226 1026 1286 et
1052 1243 1135 1306 pura

83 1325 211 1375 amens
239 1312 272 1373 et
299 1309 425 1374 sincera
451 1309 660 1374 conscientia.
704 1310 804 1394 igitur
832 1308 889 1393 qui
915 1310 1135 1376 innocentiam
1212 1381 1213 1384 Ἴ

120 1397 207 1482 colit,
230 1397 289 1462 deo
313 1397 483 1482 supplicat,
507 1398 562 1481 qui
584 1398 755 1477 iustitiam,
778 1398 838 1463 deo
856 1398 949 1483 libat,
972 1397 1029 1483 qui
1045 1397 1131 1463 irau-

121 1486 215 1551 dibus
239 1486 390 1570 abstinet,
412 1485 570 1570 propitiat
594 1486 697 1571 deum,
721 1487 777 1570 qui
799 1487 966 1551 hominem
987 1486 1133 1572 periculo

83 1574 275 1658 4subripit,
304 1575 358 1639 deo
386 1575 530 1658 opimam
557 1575 726 1640 uictimam
754 1575 869 1640 caedit.
913 1576 995 1642 haec
1022 1579 1134 1642 nostra
1149 1593 1175 1636 1⁶

121 1663 288 1747 sacrificia,
306 1662 387 1728 haee
406 1663 457 1728 dei
476 1684 568 1729 sacra
587 1668 678 1730 sunt:
703 1664 749 1730 sic
767 1664 853 1749 apud
871 1685 933 1729 nos
950 1663 1137 1750 religiosior

121 1755 171 1817 est
195 1751 250 1815 ille
274 1752 330 1836 qui
353 1752 478 1817 iustior.
515 1753 657 1817 atenim
682 1774 778 1838 quem
802 1752 938 1818 colimus
956 1752 1052 1819 deum
1074 1774 1136 1818 nec

122 1838 319 1905 ostendimus
339 1861 399 1905 nec
416 1841 573 1906 uidemus.
605 1842 705 1906 immo
720 1862 760 1904 ex
777 1840 841 1906 boc
854 1841 950 1907 deum
963 1840 1136 1922 credimus,

121 1928 208 2014 quod
240 1949 313 1992 eum
346 1928 466 1994 sentire
492 1951 680 2014 possumus,
711 1929 821 1995 uidere
853 1950 919 1995 non
947 1949 1133 2012 possumus.

122 2018 157 2082 in
180 2017 334 2100 operibus
358 2017 443 2081 enim
467 2017 534 2082 eius
558 2021 591 2081 et
618 2018 654 2082 in
682 2017 794 2082 mundi
817 2017 964 2084 omnibus
991 2016 1136 2082 motibus
1151 2036 1179 2077 ro

121 2106 277 2170 uirtutem
296 2105 364 2170 eius
384 2125 510 2188 semper
523 2109 728 2189 praesentem
747 2107 931 2192 aspicimus,
948 2127 1022 2173 cum
1040 2109 1137 2172 tonat

87 2194 268 2279 efulgurat
284 2189 452 2277 ‘fulminat
475 2215 547 2258 eum
572 2200 710 2261 serenat
751 2217 811 2261 nec
834 2194 972 2280 mireris,
993 2194 1137 2260 sideum

121 2306 188 2350 non
206 2283 311 2349 uides:
330 2286 429 2348 nanto
448 2286 481 2348 st
498 2282 630 2349 flatibus
649 2284 758 2349 omnia
775 2285 988 2367 impelluntur
1005 2283 1138 2349 uibran-

122 2376 176 2437 tur
204 2373 371 2456 agitantur
396 2375 429 2437 et
456 2373 516 2436 sub
541 2373 643 2438 oculis
669 2377 779 2438 tamen
807 2394 873 2437 non
899 2374 992 2437 uenit
1018 2375 1136 2437 uentus

123 2465 156 2525 et
178 2460 286 2525 flatus.
326 2461 361 2524 in
385 2462 487 2526 solem
510 2461 604 2546 adeo,
629 2462 686 2546 qui
707 2460 839 2525 uidendi
862 2461 1013 2526 omnibus
1036 2480 1135 2526 causa
1150 2475 1177 2517 2⁶

124 2551 186 2632 est,
213 2548 323 2613 uidere
352 2571 420 2615 non
447 2571 633 2633 possumus:
665 2549 765 2614 radiis
798 2550 882 2615 acies
916 2550 1137 2631 submonstur,

123 2638 257 2703 obtutus
288 2638 447 2703 intuentis
479 2638 652 2704 hebetatur
684 2642 730 2722 et,
762 2639 791 2702 si
818 2639 940 2704 diutius
972 2637 1139 2721 inspicias,

88 2743 104 2793 6
123 2726 229 2792 omnis
249 2727 339 2791 uisus
363 2727 574 2811 extinguitur.
610 2726 709 2810 quid?
736 2727 844 2810 ipsum
868 2728 947 2792 solis
970 2725 1138 2809 artificem,

122 2816 215 2879 illum
238 2815 371 2880 luminis
390 2815 523 2898 fontem,
545 2816 651 2899 possis
671 2815 840 2899 sustinere,
863 2837 935 2880 cum
954 2819 987 2879 te
1005 2816 1047 2879 ab
1067 2814 1136 2879 eiua

123 2903 306 2987 fulgoribus
343 2908 485 2987 auertas,
521 2927 541 2969 a
572 2904 763 2970 fulminibus
800 2902 1003 2969 abscondas?
1041 2903 1135 2968 deum
1148 2919 1176 2961 so

124 2991 225 3056 oculis
249 2992 434 3058 carnalibus
453 2991 504 3057 uis
523 2993 641 3076 nidere,
659 3015 732 3057 cum
751 2995 856 3078 ipsam
876 2994 1018 3057 animam
1037 2996 1136 3072 tuam,

125 3102 189 3166 qua
216 3079 393 3146 uiuifiearis
420 3085 453 3146 et
479 3081 638 3166 loqueris,
669 3103 729 3147 nec
762 3081 905 3166 aspicere
937 3082 1045 3164 possis
1076 3099 1138 3143 nee

197 3261 212 3310 3
236 3253 378 3309 existimes
396 3261 429 3324 Ρ,
452 3257 561 3313 correct
581 3259 592 3328 ΙΙ
615 3262 632 3311 5
655 3273 744 3325 opera
762 3257 876 3326 scepei:
899 3260 1020 3325 operer
1043 3255 1053 3324 ΙΙ
1075 3257 1091 3306 9
1111 3253 1143 3307 at

125 3325 257 3381 uictimas
276 3327 344 3381 dos
372 3327 389 3381 l.
408 3343 442 3382 m.
461 3333 477 3381 1
496 3333 516 3380 Ρ
538 3331 548 3398 l
572 3333 614 3397 10,
634 3335 666 3382 11
685 3327 830 3397 ingratum
850 3327 894 3382 eat
911 3327 980 3382 delet
997 3323 1142 3380 Heuman-

125 3413 179 3453 nus
201 3400 211 3467 [Ι
235 3403 267 3452 12
296 3397 467 3453 conscientia
495 3398 624 3455 Ursinus:
653 3398 792 3454 sententia
815 3404 835 3451 Ρ
858 3398 868 3466 ΙΙ
892 3402 925 3452 15
951 3397 1003 3451 deo
1029 3395 1144 3451 addidit

129 3468 267 3525 Vallenses
287 3471 291 3539 Ι
313 3469 436 3538 opimam
457 3468 599 3527 Gelenius.-
617 3471 754 3541 optimam
771 3475 792 3522 Ρ
810 3471 820 3539 n
838 3475 872 3524 22
891 3465 1076 3524 necmereris
1094 3471 1115 3518 Ρ
1133 3464 1143 3536 ll

126 3545 161 3596 24
180 3541 275 3596 oeulos
295 3541 479 3598 Heamacccs
492 3543 501 3612 ss
519 3546 553 3596 25
572 3544 602 3597 in
621 3541 679 3597 sole
697 3547 726 3612 Ρ,
745 3557 814 3598 corr·
836 3540 979 3598 Ocllarc'aa
