2430 3938
409 211 590 268 OCTAVIUS
610 230 633 268 c.
653 219 696 268 2⁷.
715 218 757 268 28.
1049 213 1092 276 45

78 357 198 440 magis,
223 378 291 421 non
314 360 351 421 ut
374 355 591 422 diffiterentur
614 380 648 423 se
672 355 890 438 Christianos,
915 356 970 420 sed
994 360 1031 421 ut
1053 357 1092 422 de

77 445 210 510 incestis
238 445 375 531 stupris,
403 445 442 508 de
469 447 602 529 inpiatis
627 447 740 528 sacris,
769 445 807 510 do
830 445 1009 511 infantibus
1034 447 1092 510 im-

78 533 212 599 molatis
249 533 439 599 faterentur.
485 534 536 598 his
570 536 656 598 enim
688 538 722 598 et
753 534 940 599 huiusmodi
971 534 1127 601 fabuliao

77 622 165 686 idem
188 622 361 687 daemones
386 622 426 687 ad
448 624 685 688 execrationem
704 623 848 689 horroris
868 623 1093 706 imperitorum

50 732 172 776 cautes
209 711 363 776 aduersus
401 731 460 775 nos
492 711 696 776 referserunt.
741 734 801 777 nec
832 715 944 776 temen
976 712 1093 775 mirum

79 799 246 883 omissum,
269 821 342 864 cum
365 799 462 884 fama,
486 822 567 884 quae
591 822 719 884 semper
739 801 897 886 inspersis
917 801 1092 865 mendaciis

79 888 186 965 alitur,
210 891 342 954 ostensa
364 889 503 953 ueritate
527 890 737 954 consumitur.
775 891 821 954 sic
841 891 890 954 est
913 910 971 953 nec
991 890 1093 953 otium
1113 908 1128 956 r

80 976 286 1060 daemonum3
314 977 354 1041 ab
378 978 459 1060 ipsis
485 978 571 1041 enim
599 999 710 1042 rumor
736 977 839 1042 falsus
864 981 897 1042 ct
920 978 1038 1042 seritur
1061 981 1093 1042 et

71 1064 216 1130 iuuetur.
247 1065 321 1129 inde
341 1070 391 1129 est
410 1066 495 1150 quod
515 1067 625 1130 audire
643 1070 675 1129 te
695 1065 784 1148 dieis,
804 1070 901 1150 caput
921 1067 1005 1130 asini
1024 1088 1093 1131 rem

39 1153 174 1217 ronobis
198 1175 267 1218 esse
291 1154 443 1219 diuinam.
486 1156 558 1238 quis
582 1158 650 1219 tam
677 1155 808 1232 stultus,
837 1157 873 1218 ut
898 1155 960 1219 hoc
984 1155 1093 1220 colat?

80 1243 153 1326 quis
181 1243 325 1325 stultior,
352 1247 389 1308 ut
416 1243 479 1308 hoc
507 1244 569 1307 coli
597 1243 730 1308 credat?
766 1243 830 1307 nisi
860 1243 945 1328 quod
973 1265 1032 1308 uos
1061 1247 1094 1308 et

79 1333 169 1395 totos
200 1332 309 1395 asinos
337 1332 372 1394 in
400 1332 537 1396 stabulis
565 1354 637 1396 cum
661 1332 764 1396 Vesta
790 1333 843 1396 uel
870 1331 989 1416 Epona
1018 1353 1093 1396 con-

81 1420 213 1484 secretis
242 1423 274 1484 et
301 1419 430 1484 eosdem
454 1421 592 1503 [asinos]
618 1443 690 1486 eum
711 1420 797 1484 Iside
826 1420 976 1504 religiose
1001 1420 1093 1485 deco·

79 1509 173 1591 ratis3
197 1509 276 1572 item
295 1509 394 1573 boum
413 1510 523 1592 capita
542 1513 575 1572 et
597 1511 706 1594 capite
728 1529 901 1573 ueruecum
924 1511 957 1572 et
980 1509 1094 1573 immo·

40 1618 65 1660 rs
80 1597 156 1661 latis
180 1599 213 1660 et
235 1597 350 1680 colitis,
374 1596 412 1660 de
431 1618 528 1680 capro
548 1599 648 1662 etiam
670 1601 702 1661 et
724 1597 854 1661 homine
878 1597 996 1661 mixtos
1016 1596 1093 1662 deos

81 1689 113 1749 et
141 1685 271 1748 leonum
299 1688 332 1748 et
359 1705 475 1748 canum
504 1685 597 1750 uultu
624 1685 700 1749 deos
727 1684 889 1750 dedicatis.
931 1707 1037 1750 nonne
1062 1690 1129 1750 ets

80 1772 170 1855 Apin
191 1773 310 1837 bouem
334 1795 406 1837 cum
429 1772 601 1858 Aegyptiis
630 1774 772 1839 adoratis
796 1776 828 1838 et
850 1774 1006 1858 pascitis?
1034 1797 1093 1839 nec

81 1884 192 1926 eorum
212 1882 303 1926 sacra
320 1861 480 1927 damnatis
499 1863 649 1928 instituta
668 1863 881 1948 serpentibus,
900 1863 1094 1948 crocodillis,

80 1951 185 2015 beluis
210 1952 323 2016 ceteris
347 1953 393 2032 [et
411 1952 525 2017 auibus
545 1956 578 2016 et
595 1952 767 2037 piscibus],
792 1974 929 2038 quorum
954 1952 1093 2037 aliquem

41 2062 68 2102 so
82 2039 177 2103 deum
206 2041 233 2103 si
262 2041 332 2124 quis
366 2040 531 2125 occiderit,
560 2044 660 2106 etiem
688 2042 793 2125 capite
822 2043 963 2125 punitur.
1010 2043 1130 2107 idems

82 2128 236 2211 Aegyptii
255 2149 327 2192 cum
345 2130 507 2215 plerisque
525 2131 620 2195 uobis
644 2153 711 2195 non
735 2130 840 2216 magis
859 2129 979 2194 Isidem
999 2152 1095 2214 quarn

82 2237 234 2299 ceparum
266 2217 458 2282 acrimonias
489 2223 649 2303 metuunt,
681 2240 740 2284 nec
770 2218 958 2301 Serapidem
990 2221 1095 2304 magis

82 2326 180 2389 quam
209 2304 364 2386 strepitus
392 2326 450 2389 per
477 2306 625 2388 pudenda
653 2307 798 2390 corporis
827 2328 996 2389 expressos
1023 2329 1096 2372 con-

82 2396 289 2458 tremescunt.
312 2393 411 2457 etiam
435 2394 499 2475 ille,
524 2394 636 2477 quide
656 2396 799 2460 adoratis
823 2395 998 2460 sacerdotis
1016 2397 1094 2460 uiri·
1116 2413 1148 2461 10

44 2482 168 2546 salibus
192 2481 363 2547 aduersum
384 2504 445 2547 nos
463 2482 639 2565 fabulatur,
662 2487 802 2568 temptat
820 2484 854 2547 in
872 2505 932 2549 uos
951 2484 1096 2550 conferre

83 2591 165 2655 quac
186 2593 244 2636 sua
265 2574 350 2636 sunt.
382 2571 465 2636 istae
485 2573 569 2636 enim
593 2573 806 2658 inpudicitiae
826 2594 937 2637 eorum
955 2573 1097 2638 forsitan

154 2714 172 2763 4
186 2709 370 2764 execrationis
384 2711 529 2766 horrorem
542 2717 571 2780 P,
586 2713 694 2767 correxi
707 2727 794 2782 supra
808 2729 839 2782 p.
854 2710 944 2767 XXVI
956 2712 967 2781 l
982 2716 997 2765 5
1012 2713 1096 2766 refer-

84 2782 180 2834 serunt
188 2786 216 2849 P,
232 2796 300 2835 corr.
314 2781 471 2854 Votienusll
482 2787 507 2853 5,
517 2789 533 2838 6
542 2783 645 2837 mirum
659 2783 792 2838 omissum
808 2783 876 2852 (scil.
892 2799 1008 2852 urpuere
1019 2783 1096 2838 Chri·

83 2853 188 2906 stianos
210 2857 242 2906 ut
265 2853 297 2906 dc
320 2853 425 2918 fabulis
447 2855 558 2910 obiectis
579 2854 744 2924 faterentur)
768 2871 832 2908 cum
854 2855 967 2923 scripsi:
995 2854 1098 2909 mirum

84 2939 148 2976 cum
168 2921 292 2978 omnium
305 2928 326 2975 P
344 2942 380 2978 m,
401 2940 464 2979 cum
482 2925 627 2981 hominum
641 2925 784 2995 Riualtius
801 2943 838 2981 m.
853 2924 986 2993 quoniam
1001 2925 1097 2980 Vahle-

83 3009 138 3048 uus
161 3011 198 3047 m.
217 3010 281 3047 cum
305 2994 418 3049 omuino
442 2996 556 3067 Muetly
578 2997 588 3066 l
612 3002 627 3052 7
651 2996 691 3051 sic
713 2996 768 3068 est]
793 2996 831 3050 sit
853 2999 883 3051 et
906 2997 933 3050 Ι.
954 2995 1005 3052 Fr.
1028 2995 1098 3052 Gro-

83 3065 186 3119 uouius
211 3067 215 3131 Ι
240 3080 291 3119 nec
315 3065 403 3120 otium
426 3068 538 3137 scripsi:
561 3067 706 3138 negotium
728 3069 781 3193 Pyd
805 3072 837 3121 12
861 3067 949 3121 Vesta
970 3068 1018 3122 uel
1037 3070 1097 3124 luc.

85 3135 258 3190 Grououius:
281 3137 376 3190 uestra
396 3137 442 3192 nel
460 3143 481 3190 P
499 3141 595 3194 uestra
612 3139 659 3193 uel
679 3155 730 3193 sua
777 3139 892 3209 iyaltius
910 3140 1003 3193 uestra
1021 3137 1099 3193 bella

85 3207 243 3275 Heiusiusll
263 3211 296 3261 13
315 3207 408 3262 asinos
427 3210 525 3264 seclusi
538 3211 548 3279 ΙΙ
568 3215 609 3278 13,
631 3215 664 3263 14
682 3210 821 3264 decoratis
839 3209 994 3280 Riyaitius:
1014 3209 1097 3264 deuo·

85 3277 154 3331 ratis
173 3283 193 3329 P
213 3276 337 3333 adoretis
355 3278 514 3350 Heinsiusu
529 3286 562 3334 14
580 3279 731 3335 uerbecum
748 3286 768 3333 P
786 3298 820 3336 m.
840 3282 880 3351 lu
895 3285 928 3336 16
946 3281 1027 3334 uultu
1047 3280 1098 3336 Ge·

85 3349 187 3403 leuius:
215 3349 310 3404 uultus
333 3356 353 3403 P
375 3351 385 3420 [l
411 3356 442 3406 17
468 3368 540 3421 apen
562 3357 583 3404 Ρ
606 3367 674 3407 corr.
699 3352 831 3406 Halmius
854 3351 949 3422 (Apim
972 3353 1066 3421 culpo)
1089 3351 1099 3423 ll

87 3425 120 3474 19
145 3421 173 3474 et
196 3419 295 3476 auibus
314 3424 343 3477 et
361 3421 484 3490 piscibus
503 3423 613 3478 seclusit
632 3422 754 3478 Kortius
776 3423 786 3492 l
808 3428 842 3477 21
861 3421 942 3477 uobis
967 3421 1098 3477 Ursinus:

85 3491 232 3544 uobiscum
255 3496 276 3543 P
298 3495 424 3547 uostrum
447 3494 608 3550 Bursiaruus
631 3496 641 3564 l
662 3500 697 3550 26
719 3494 791 3549 istae
815 3494 951 3549 Korhius:
973 3494 1029 3547 ists
1051 3499 1071 3545 P
1092 3493 1095 3564 l

85 3559 282 3633 inpudicitiae]
303 3564 329 3618 ei
347 3580 368 3619 s.
388 3565 405 3618 1.
424 3581 458 3619 m.
479 3570 495 3619 1
514 3571 542 3622 P.
