2430 3938
134 198 178 262 44
491 197 637 253 MINUCII
654 196 791 254 FELICIS

134 366 231 428 quam
254 365 359 426 nosse,
382 364 423 407 ne
447 343 596 427 cognitos
620 346 677 407 eut
695 343 816 406 imitari
834 342 963 426 possint
982 345 1040 406 aut
1058 342 1149 408 dam-

80 431 212 498 28nare
245 454 312 497 non
344 432 480 516 possint.
527 453 624 515 quam
657 436 765 496 autem
797 432 919 496 inicum
949 431 1005 513 sit,
1036 431 1073 496 de
1101 432 1149 496 in·

134 521 273 605 cognitis
302 525 334 584 et
360 520 572 603 inexploratis
605 519 760 603 iudicare,
789 518 875 603 quod
901 519 1023 602 facitis,
1051 520 1149 586 nobis

98 626 114 673 2
133 611 214 693 ipsis
238 609 480 693 paenitentibus
504 607 635 674 credite.
668 613 701 672 et
722 629 782 672 nos
801 609 887 672 enim
905 607 991 672 idem
1010 608 1149 675 fecimus

134 703 166 761 et
189 698 300 762 eedem
323 698 492 762 uobiscum
515 697 678 781 quondam
707 697 812 761 adhuc
840 697 928 761 caeci
956 700 988 761 et
1014 697 1150 763 hebetes
1175 715 1189 759 s

134 786 365 869 sentiebamus,
389 787 482 870 quasi
502 784 680 850 Christiani
702 789 850 850 monstra
869 786 1020 870 colerent,
1042 786 1151 852 infan-

132 877 183 939 tes
207 880 372 954 uorarent,
401 874 552 939 conuiuia
575 876 698 939 incesta
722 874 909 957 miscerent3
938 894 997 938 nec
1024 874 1152 940 intelle·

134 964 298 1047 gebamus,
317 962 426 1026 uerbis
444 962 574 1027 fabulas
593 963 674 1027 istas
695 983 821 1046 semper
837 962 992 1028 uentilari
1007 966 1040 1027 et
1057 985 1151 1028 num-

134 1073 230 1134 quam
253 1052 306 1115 uel
333 1050 523 1152 inuestigari
550 1051 603 1116 uel
631 1051 777 1135 probari,
803 1072 862 1116 nec
885 1054 978 1116 tanto
1001 1055 1151 1137 tempore

135 1140 275 1222 aliquem
304 1140 422 1219 exisse,
453 1161 521 1204 rem
549 1140 604 1224 qui
631 1139 796 1223 proderet
822 1161 890 1204 non
916 1143 1046 1204 tantum
1069 1141 1150 1206 facti
1165 1160 1190 1200 ιι

135 1229 277 1310 ueniam,
310 1250 421 1292 uerurn
451 1228 551 1292 etiam
578 1227 688 1292 indicii
716 1232 791 1312 grat
791 1229 858 1292 iam
885 1232 1150 1315 consecuturum3

134 1316 255 1380 malum
279 1319 388 1381 autem
411 1317 491 1381 adeo
510 1338 577 1381 non
597 1338 676 1400 esse,
699 1337 761 1382 esse
779 1322 816 1380 ut
831 1314 1053 1382 Christianum
1074 1340 1150 1384 reus

134 1426 193 1469 nec
213 1405 415 1469 erubesceret
401 1408 491 1470 tnec
510 1405 640 1469 timeret
658 1409 691 1470 et
709 1427 809 1469 unum
829 1405 1044 1483 solummodo,
1063 1406 1151 1490 quod

98 1511 198 1558 anon
222 1496 297 1558 ante
320 1494 368 1558 fat
354 1497 486 1577 teretur,
509 1493 697 1578 paeniteret.
738 1515 798 1558 nos
822 1497 1028 1559 tamencum
1052 1496 1150 1560 sacri·

133 1582 225 1666 leges
245 1583 370 1665 aliquos
390 1587 423 1646 et
440 1582 592 1660 incestos,
614 1581 792 1666 parricidas
812 1582 911 1656 etiam
932 1581 1150 1649 defendendos
1165 1600 1190 1643 re

135 1673 167 1734 et
187 1670 325 1736 tuendos
349 1671 613 1755 suscipiebamus,
637 1671 696 1736 hos
715 1691 774 1735 nec
793 1669 969 1735 audiendos
989 1671 1152 1738 intutum

134 1759 339 1843 putabamus,
356 1781 601 1844 nonnumquam
621 1760 718 1824 etiem
738 1760 929 1828 miserantes
948 1780 1060 1824 eorum
1080 1783 1151 1826 cru·

134 1847 236 1910 delius
274 1847 512 1930 saeuiebamus,
549 1852 586 1912 ut
621 1854 847 1932 torqueremus
885 1847 1074 1923 confitentes
1109 1850 1153 1914 ad

134 1934 332 2019 negandum,
364 1936 514 2000 uidelicet
545 1958 585 2000 ne
617 1937 774 2020 perirent,
808 1938 995 2001 exercentes
1027 1936 1063 2000 in
1096 1937 1151 2002 his

133 2045 320 2107 peruersam
344 2025 580 2108 quaestionem,
602 2047 668 2090 non
689 2047 770 2108 quae
793 2046 905 2089 uerum
929 2029 1069 2109 erueret,
1093 2027 1149 2091 sed
1164 2045 1189 2084 ιο

98 2129 216 2196 equae
250 2113 454 2178 mendacium
487 2117 624 2196 cogeret.
667 2118 700 2178 et
728 2113 756 2177 si
784 2113 839 2198 qui
871 2113 1030 2177 infirmior
1062 2116 1149 2180 malo

134 2222 264 2284 pressus
288 2205 321 2265 et
345 2201 450 2265 uictus
471 2198 693 2266 Christianum
718 2223 751 2267 se
775 2206 934 2286 negasset,
956 2203 1149 2268 fauebamus

135 2290 177 2374 ei,
210 2290 304 2374 quasi
337 2290 457 2354 eierato
489 2291 621 2355 nomine
653 2291 718 2354 iam
752 2291 862 2354 omnia
890 2289 979 2354 facta
1006 2313 1066 2356 sua
1093 2292 1151 2357 illa

99 2378 309 2462 onegatione
332 2382 495 2464 purgaret.
532 2379 774 2464 adgnoscitisne
794 2379 907 2442 eadem
930 2400 990 2444 nos
1009 2381 1149 2446 sensisse

135 2469 167 2529 et
190 2467 338 2550 gessisse,
361 2489 442 2551 quae
465 2487 522 2532 iios
544 2468 672 2532 sentitis
698 2473 731 2532 et
752 2467 890 2551 geritis?
914 2488 988 2532 cum
1007 2469 1036 2533 si
1053 2469 1148 2552 ratio,
1162 2487 1188 2528 ae

133 2575 200 2618 non
236 2555 407 2639 instigatio
446 2555 611 2621 daemonis
649 2557 821 2639 iudicaret,
857 2561 955 2621 esseut
988 2557 1149 2641 urguendi

205 2771 220 2818 2
240 2765 274 2818 de
294 2766 405 2820 addidit
424 2764 521 2819 Carrio
539 2768 549 2835 ΙΙ
571 2771 587 2819 4
607 2765 797 2835 penitentibus
816 2772 836 2816 P
856 2763 994 2833 lfeeirnus
1015 2765 1148 2834 Wopken-

133 2836 369 2903 sius:su1musP
389 2838 461 2906 quod
479 2837 580 2892 utieuis
599 2837 720 2903 defendit
709 2837 857 2891 tKocbius
870 2836 910 2904 lb
929 2835 1032 2891 haebet
1051 2844 1098 2890 see
1120 2854 1149 2892 es

133 2908 190 2973 (see
212 2879 389 2989 expunctum)
408 2913 428 2959 P
450 2909 459 2977 ΙΙ
483 2912 499 2961 8
520 2907 647 2975 ubis(=
668 2906 771 2977 uerbis)
790 2909 901 2976 scripse:
926 2908 961 2961 ab
980 2905 1024 2960 his
1042 2912 1063 2959 P
1081 2909 1151 2964 delet

133 2977 316 3033 Heumuuuus
339 2980 427 3033 aniles
452 2977 583 3033 Useucrus
608 2981 618 3046 ιΙ
643 2985 675 3032 10
700 2978 789 3032 exisse
807 2996 837 3033 re
856 2979 968 3047 scripsi:
992 2978 1151 3034 existere?

133 3049 261 3103 extitisse
278 3049 410 3105 Halmius
429 3049 548 3104 existere
566 3052 615 3119 pot
616 3049 690 3104 uisse
709 3051 833 3104 Koebiue
847 3053 856 3120 ΙΙ
872 3055 904 3103 12
924 3049 994 3103 adeo
1013 3065 1070 3103 non
1089 3066 1149 3104 esse

133 3119 359 3175 utehristisnus
383 3138 446 3175 reus
469 3126 501 3186 P,
528 3122 635 3175 correct
659 3122 701 3187 (ut
725 3120 893 3194 christianus
917 3137 980 3174 reus
1004 3135 1065 3174 esse
1089 3120 1150 3175 Use-

133 3193 228 3274 uerus)
243 3192 252 3260 ll
268 3195 300 3243 13
320 3191 466 3245 solumodo
480 3197 500 3243 P
513 3192 523 3260 ΙΙ
539 3195 572 3245 14
585 3191 627 3247 sat
615 3193 696 3245 teret'
710 3191 822 3275 scripsi:
841 3190 958 3246 fueritP
938 3192 1153 3260 Piueptissimc,

133 3264 213 3331 quusi
232 3266 295 3315 autc
314 3265 513 3317 accusationem
536 3279 593 3317 nou
615 3264 700 3330 fucrit
723 3264 819 3317 etsist
797 3269 891 3317 tiuuus
911 3263 915 3333 1
936 3263 1082 3331 peneteret
1100 3269 1120 3315 P

135 3338 167 3387 15
192 3332 314 3403 sliquos]
338 3351 376 3387 uu
400 3332 573 3401 aliquando.
569 3333 582 3373 9
602 3337 611 3404 {l
636 3339 667 3388 19
690 3335 800 3417 perient
821 3335 869 3403 Pss
891 3339 926 3387 22
951 3340 1124 3402 praessusP

133 3409 167 3458 25
197 3404 317 3472 gessisse
346 3420 498 3476 cuuupruus
528 3404 692 3460 Purisiuus:
720 3406 807 3474 egisse
834 3410 854 3456 P
882 3403 1039 3474 (egisse—
1066 3405 1152 3474 agitis

133 3475 329 3601 ggpusuuuus)
346 3475 415 3547 lues
434 3476 544 3531 addidit
559 3477 586 3531 I
600 3477 627 3530 Ι.
640 3476 841 3532 Coruelisseuus
854 3478 864 3544 ΙΙ
878 3482 912 3530 26
931 3475 1024 3529 essent
1041 3476 1153 3532 addidit

155 3563 267 3601 eureus
