2430 3938
139 202 162 266 2
497 201 642 257 MINUCII
660 200 798 256 FELICIS

106 347 272 431 ariosius,
296 345 525 431 praecucurrit.
561 346 672 431 itaque
696 369 767 411 cum
791 367 849 428 per
872 346 1054 410 uniuersam
1079 368 1157 412 con-

141 436 247 500 uictus
275 436 380 500 nostri
408 438 440 499 et
467 435 699 498 familiaritatis
729 438 869 498 aetatem
897 456 969 498 mea
997 435 1157 520 cogitatio

141 526 335 606 solueretur,
353 525 387 587 in
406 524 463 588 illo
482 525 654 607 praecipue
674 545 821 587 sermone
842 524 910 587 eius
929 527 1048 587 mentis
1063 545 1156 589 meae

140 613 262 677 resedit
284 613 433 695 intentio,
457 633 519 697 quo
542 613 579 688 Q.
599 609 774 676 Caecilium
798 611 1038 695 superstitionis
1062 613 1155 676 uani-

140 703 263 766 tatibus
283 701 468 765 etiamnunc
485 700 708 764 inhaerentem
724 700 943 782 disputatione
959 701 1155 784 grauissima
1184 722 1193 762 r

102 788 123 854 2
142 791 183 854 ad
196 811 308 854 ueram
322 790 513 874 religionem
527 789 736 875 reformauit]
748 810 824 852 nam
838 789 964 871 negotii
978 793 1012 853 et
1025 789 1155 854 uisendi

140 879 205 942 mei
224 878 331 963 gratia
350 877 487 942 Romam
508 877 738 963 contenderatl'l
751 877 864 957 relicta
883 876 989 960 domo,
1008 878 1155 962 coniuge,

140 965 251 1031 liberis
274 970 307 1029 et
330 964 429 1050 (quod
453 969 502 1030 est
529 967 563 1029 in
586 965 696 1029 liberis
721 964 892 1028 amabilius
917 965 1024 1045 annis)
1048 965 1154 1030 adhuc

86 1051 114 1129 s<
140 1055 368 1119 innocentibus
397 1059 430 1118 et
458 1053 563 1118 adhuc
591 1053 759 1118 dimidiata
786 1055 885 1117 uerba
908 1055 1154 1138 temptantibus,

141 1144 317 1228 loquellam
335 1143 407 1226 ipso
428 1143 618 1207 offensantis
638 1143 768 1227 linguae
787 1142 948 1227 fragmine
968 1142 1154 1208 dulciorem.
1169 1165 1193 1204 10

105 1249 121 1297 2
141 1253 204 1316 quo
227 1232 261 1295 in
284 1230 425 1296 aduentu
450 1231 516 1296 eius
540 1253 606 1297 non
630 1253 763 1316 possum
785 1230 964 1315 exprimere
985 1232 1153 1311 [sermoni-

141 1319 229 1404 bus],
258 1323 380 1404 quanto
410 1341 570 1404 quamque
598 1320 759 1404 inpotenti
788 1318 906 1403 gaudio
931 1319 1154 1404 exultauerim,

140 1431 212 1474 cum
241 1411 376 1493 augeret
402 1409 540 1471 maxime
568 1408 726 1471 laetitiam
755 1429 860 1472 meam
884 1408 1070 1472 amicissimi
1094 1408 1154 1473 ho-

105 1514 121 1564 3
141 1497 238 1562 minis
253 1497 421 1580 inopinata
434 1496 627 1580 praesentia.
650 1496 749 1581 igitur
763 1499 839 1579 post
853 1518 953 1560 unum
968 1499 1001 1560 et
1015 1497 1154 1561 alterum

140 1586 238 1671 diem,
268 1607 342 1651 cum
368 1585 434 1650 iam
462 1589 495 1650 et
523 1586 714 1649 auiditatem
742 1584 891 1650 desiderii
917 1584 1069 1669 frequens
1099 1584 1152 1650 ad·
1167 1606 1193 1648 15

141 1674 304 1739 siduitatis
329 1694 406 1739 usus
424 1673 592 1757 implesset
612 1676 644 1737 et
663 1694 744 1756 quae
763 1695 821 1758 per
840 1674 1020 1738 absentiam
1039 1679 1172 1739 mutua

142 1763 181 1828 de
198 1763 294 1827 nobis
312 1763 544 1846 nesciebamus,
563 1761 720 1826 relatione
734 1764 860 1826 alterna
873 1762 1153 1847 comperissemus,

141 1852 263 1935 placuit
287 1849 415 1916 Ostiam
437 1855 558 1934 petere,
581 1850 838 1915 amoenissimam
863 1850 1043 1932 ciuitatem,
1066 1853 1153 1936 quod

141 1943 228 2004 esset
264 1938 392 2021 corpori
429 1960 501 2003 meo
539 1939 699 2004 siccandis
736 1940 902 2004 umoribus
940 1938 978 2003 de
1015 1941 1152 2006 marinis

139 2028 280 2092 lauacris
304 2026 422 2091 blanda
445 2031 478 2090 et
500 2027 648 2111 adposita
666 2028 800 2093 curatio.
836 2049 913 2091 sane
932 2031 965 2091 et
983 2028 1023 2092 ad
1042 2028 1150 2093 uinde-
1167 2051 1192 2090 m

141 2116 239 2180 miam
267 2115 366 2179 feriae
389 2115 591 2195 iudiciariam
614 2137 725 2181 curam
748 2117 988 2200 relaxauerant3
1018 2139 1095 2182 nam
1118 2118 1152 2182 id

140 2204 296 2288 temporis
328 2208 405 2287 post
435 2208 583 2270 aestuum
614 2206 738 2270 rabiem
771 2205 805 2269 in
832 2205 1021 2289 temperiem
1049 2213 1153 2279 semet

103 2295 337 2359 lautumnitas
367 2293 542 2380 derigebat.
587 2294 696 2379 itaque
725 2316 797 2360 cum
825 2294 966 2358 diluculo
995 2293 1035 2359 ad
1063 2317 1152 2360 mare

211 2491 226 2540 2
245 2484 321 2556 mea]
342 2502 375 2540 ea
387 2483 403 2541 ‚2
415 2487 456 2554 114
479 2487 553 2610 (δυοᾶ
569 2485 763 2554 Caecilium,
781 2502 836 2554 quo
852 2485 881 2540 C.
900 2485 940 2541 ed.
955 2501 1019 2568 pr,;
1041 2487 1075 2540 ale
1088 2502 1151 2542 con·

138 2558 244 2612 iectura
256 2562 420 2625 nostraquo
436 2557 467 2622 Q.
506 2557 636 2612 cecilium
651 2559 685 2624 cf.
696 2574 726 2626 p.
741 2557 781 2610 VI
796 2560 801 2624 1
817 2556 1018 2625 superstitious
1031 2561 1060 2624 Ρ,
1079 2573 1150 2612 corr,

141 2627 298 2699 Maeblpll8
313 2626 463 2682 amabilius
478 2627 570 2682 adhuc
580 2627 659 2682 annis
669 2633 702 2696 Ἐς
717 2625 797 2681 annis
808 2627 908 2682 deleuit
922 2627 1040 2683 Ursinus
1048 2628 1152 2683 animis

145 2698 282 2754 Vahlenus
303 2714 360 2753 non
382 2714 522 2754 remouens
544 2700 699 2755 oblatiunm
719 2699 863 2768 qualitatis
881 2715 942 2753 cnm
960 2699 1084 2753 allatius
1103 2701 1151 2755 ab·

138 2771 226 2824 solnta
244 2769 424 2825 molestissime
442 2771 632 2836 comisantium
650 2785 697 2840 epo
714 2775 746 2825 ut
758 2775 902 2838 praeterea
917 2769 1067 2824 stabilirem
1080 2786 1151 2826 com·

135 2840 300 2908 paratiuum
318 2842 371 2896 nin
393 2841 488 2895 ceteris
508 2840 592 2895 buius
614 2841 720 2912 dialopi
743 2841 810 2896 locis
832 2843 869 2909 (3,
889 2847 919 2908 63
942 2845 985 2909 32,
1004 2844 1034 2908 4;
1057 2846 1101 2909 34,
1122 2844 1150 2910 6)

138 2911 349 2978 defendendum,
377 2912 475 2966 traieci
497 2911 578 2965 annis
600 2913 652 2966 bac
674 2913 821 2966 smtentia:
849 2912 978 2966 amabiles
999 2913 1057 2980 ipsi
1080 2915 1152 2968 unni

138 2983 224 3036 tenni
241 2982 300 3036 scil.
319 2983 471 3052 mollesque,
490 2983 637 3038 amabilior
650 2983 807 3038 innocentia
820 2983 1001 3051 sermonisque
1015 2983 1150 3052 incipien-

139 3053 175 3107 tis
193 3053 290 3121 iuopia
308 3055 319 3122 l
338 3059 370 3105 11
390 3051 564 3107 sermonibus
582 3055 694 3109 serioris
712 3055 776 3107 aeui
794 3054 960 3109 latinitatem
978 3054 1100 3109 redolens
1119 3061 1151 3110 nt

137 3123 268 3192 plessema
289 3125 388 3179 seclusi
411 3124 456 3192 (ef.
480 3124 573 3179 Plinii
595 3142 636 3195 ep.
655 3123 680 3177 V
700 3131 746 3192 14,
765 3125 793 3194 2)
816 3127 826 3193 l
850 3129 883 3178 12
909 3123 1048 3193 inpotenti
1071 3124 1150 3210 Hen-

138 3210 271 3248 mannus:
294 3194 444 3264 inpatienti
462 3200 494 3263 Pi
518 3196 650 3251 dicuntur
673 3201 741 3251 recte
760 3197 880 3251 homines
899 3197 1011 3263 affectus
1029 3196 1151 3252 alicuius

138 3266 303 3407 liniti}
317 3267 1152 3412 llsttlltttsfllnlistltt‘sistitis

142 3414 173 3462 18
196 3407 318 3462 hostiam
337 3414 357 3461 P
379 3410 389 3478 l
412 3413 445 3462 19
469 3409 593 3478 corporis
616 3409 672 3463 mei
690 3409 890 3474 Heumannns;
913 3425 959 3477 epo
983 3409 1078 3464 malim
1097 3411 1151 3464 sic-

138 3479 263 3548 candisq.
286 3481 296 3546 l
319 3484 353 3533 21
377 3482 505 3533 aestuum
528 3480 634 3534 rabiem
658 3481 769 3550 scripsi:
797 3479 934 3534 aestiuam
956 3479 1031 3534 diem
1054 3484 1086 3548 P;
1113 3482 1149 3548 cf.

136 3565 225 3622 supra
240 3567 269 3620 p.
279 3549 344 3606 XVI
358 3552 368 3620 l
381 3556 415 3604 22
430 3550 570 3621 dirigebat
579 3556 611 3619 1²3
627 3552 661 3619 cs.
677 3568 746 3621 quae
759 3551 822 3606 alni
835 3551 872 3606 ud
883 3550 976 3606 Taciti
985 3551 1052 3608 dial.
1062 3567 1093 3622 p.
1105 3556 1149 3608 64.
