2430 3938
416 186 596 244 OCTAVIUS
616 203 639 243 c.
659 191 700 241 as.
720 193 762 242 ao.
1055 185 1096 248 41

85 335 252 417 simulata,
283 335 486 418 φιλιππίζειν
518 330 672 415 Pythiam
705 331 908 415 querebatur.
955 334 989 396 at
1017 351 1133 399 non-7

83 444 260 507 numquam
292 425 403 487 tamen
432 421 605 485 ueritatem
632 419 684 484 uel
716 420 859 504 auspicia
886 419 939 484 uel
968 422 1099 486 oracula

83 513 272 596 tetigerunt.
319 532 515 595 quamquam
546 509 631 573 inter
663 509 767 573 multa
800 507 966 573 mendacia
996 509 1099 574 uideri

84 600 190 685 possit
225 599 419 664 industriam
454 620 548 664 casus
584 597 745 680 imitatus,
783 596 952 682 adgrediar
988 601 1100 662 tamen

57 687 207 754 sfontem
230 689 338 773 ipsum
362 687 479 752 erroris
503 690 536 751 et
558 685 739 769 prauitatis,
763 685 847 750 unde
867 686 971 750 omnis
993 687 1098 772 caligo

83 777 148 842 ista
176 777 335 860 manauit,
365 780 398 841 et
425 775 523 841 altius
548 795 658 839 eruere
682 778 714 839 et
737 774 862 860 aperire
886 775 1099 840 manifestius.

85 865 220 950 spiritus
244 870 321 931 sunt
344 863 505 948 insinceri,
527 863 614 948 uagi,
639 886 658 927 a
680 862 811 927 caelesti
830 863 942 948 uigore
961 864 1098 928 terrenis

83 954 213 1020 labibus
233 957 266 1018 et
284 953 513 1038 cupiditatibus
538 952 716 1037 degrauati.
752 951 810 1015 isti
832 951 933 1036 igitur
956 952 1099 1037 spiritus,
1118 971 1134 1020 8

84 1046 298 1126 posteaquam
328 1042 566 1125 simplicitatem
596 1040 798 1105 substantiae
827 1062 904 1104 suae
933 1042 1043 1106 onusti
1067 1044 1100 1106 et

45 1155 73 1196 ιο
86 1131 220 1196 inmersi
252 1130 341 1195 uitiis
378 1129 600 1214 perdiderunt,
638 1129 678 1192 ad
712 1128 869 1193 solacium
902 1129 1099 1195 calamitatis

85 1241 162 1284 suae
194 1241 262 1284 non
290 1218 443 1283 desinunt
469 1217 588 1304 perditi
615 1217 680 1282 iam
707 1217 841 1301 perdere
870 1219 902 1280 et
930 1217 1098 1302 deprauati

85 1329 226 1372 errorem
249 1308 421 1391 prauitatis
445 1306 613 1371 infundere
632 1309 665 1370 et
688 1305 822 1370 alienati
841 1327 861 1369 a
880 1304 938 1370 deo
958 1307 1098 1372 inductis

84 1397 194 1480 prauis
217 1396 428 1481 religionibus
453 1396 493 1459 ab
518 1417 555 1460 eo
580 1416 761 1480 segregare.
793 1415 847 1457 eos
872 1394 1004 1476 spiritus
1025 1395 1133 1463 dae-9

84 1506 200 1550 monas
216 1507 285 1550 esse
300 1489 414 1568 poetae
430 1485 545 1567 sciunt,
558 1483 746 1568 philosophi
760 1482 933 1565 disserunt,
948 1481 1096 1548 Socrates

44 1597 70 1639 ιι
84 1574 186 1656 nouit,
208 1574 264 1657 qui
288 1573 328 1637 ad
351 1574 469 1637 nutum
492 1576 524 1636 et
547 1571 718 1636 arbitrium
742 1569 918 1634 adsidentis
939 1572 1001 1634 sibi
1028 1572 1098 1636 dae·
1144 1650 1145 1654 Ἰ

84 1662 190 1725 monis
213 1663 267 1725 uel
290 1660 475 1725 declinabat
501 1659 634 1744 negotia
656 1659 709 1724 uel
731 1659 872 1743 petebat.
909 1660 998 1744 magi
1022 1677 1152 1744 quo-10

86 1771 146 1834 que
170 1771 238 1813 non
260 1753 390 1813 tantum
414 1749 522 1814 sciunt
544 1749 729 1829 daemonas,
754 1746 927 1811 sedetiam
948 1749 1099 1832 quicquid

84 1837 234 1902 miraculi
252 1838 378 1923 ludunt,
396 1859 453 1922 per
472 1838 647 1902 daemonas
666 1836 802 1901 faciunt:
821 1835 887 1900 illis
907 1835 1100 1920 adspiranti—

84 1927 145 1991 bus
169 1930 202 1991 et
224 1926 468 1992 infundentibus
491 1925 686 2010 praestigias
711 1926 823 2008 edunt,
850 1924 904 1988 uel
927 1948 1009 2009 quae
1032 1948 1099 1991 non

46 2040 72 2080 so
87 2020 164 2079 sunt
181 2016 284 2081 uideri
302 2017 356 2080 uel
376 2038 457 2100 quae
476 2019 553 2080 sunt
570 2037 637 2079 non
656 2014 768 2079 uideri.
799 2036 910 2079 eorum
929 2035 1099 2099 magorum
1119 2033 1151 2081 11

86 2108 119 2168 et
142 2104 270 2187 eloquio
295 2108 327 2169 et
349 2105 481 2190 negotio
505 2105 629 2188 primus
649 2101 789 2168 Ostanes
813 2105 847 2167 et
868 2124 981 2167 uerum
1004 2104 1099 2168 deum

85 2193 220 2273 conspici
241 2213 330 2276 posse
357 2213 472 2276 nepuns
499 2192 616 2257 merita
644 2193 813 2257 maiestate
837 2192 1044 2275 prosequitur
1067 2196 1100 2256 et

86 2281 235 2365 angelos,
262 2280 295 2344 id
324 2285 374 2345 est
401 2281 570 2345 ministros
594 2284 627 2344 et
649 2281 795 2363 nuntios,
823 2279 874 2343 dei
898 2279 973 2343 sede
996 2281 1100 2344 teneri

86 2369 218 2453 eiusque
242 2369 443 2433 uenerationi
466 2368 559 2432 nouit
582 2368 747 2449 adsistere,
769 2372 807 2431 ut
826 2371 859 2430 et
877 2372 957 2431 nutu
977 2368 1048 2450 ipso
1067 2373 1100 2432 et

46 2481 73 2524 aa
86 2459 180 2521 uultu
208 2457 331 2522 domini
358 2456 463 2522 territi
491 2461 755 2522 contremescunt
791 2457 876 2520 idem
900 2456 999 2520 etiam
1029 2457 1100 2520 dae-

85 2568 200 2612 monas
223 2545 365 2630 prodidit
387 2550 543 2629 terrenos,
566 2565 678 2629 uagos,
705 2544 918 2609 humanitatis
941 2544 1099 2610 inimicos.

86 2634 186 2718 quid?
223 2633 332 2719 Plato,
365 2635 422 2718 qui
453 2634 598 2699 inuenire
630 2634 725 2698 deum
758 2633 925 2716 negotium
958 2634 1100 2718 credidit,
1120 2650 1152 2699 12

159 2831 173 2878 1
197 2825 321 2896 philippi
343 2843 428 2881 zaeno
447 2825 578 2897 phytiam
596 2826 782 2896 quaerebatur
801 2830 820 2878 Ρ
839 2827 848 2895 ss
867 2831 881 2879 'l
901 2823 1036 2895 insingeri
1053 2831 1073 2877 P
1095 2825 1099 2897 l

86 2898 115 2950 et
133 2898 200 2965 uagi
219 2897 336 2952 Ursinus
353 2915 387 2952 ex
407 2896 488 2968 Oppr.
504 2904 529 2966 3,
545 2898 615 2966 8118
634 2897 745 2952 lacibus
763 2902 783 2948 P
801 2913 835 2950 nc.
851 2902 866 2950 1
881 2897 892 2965 l
906 2900 937 2949 11
958 2895 1016 2949 iam
1034 2897 1102 2952 delet

92 2967 208 3022 Ursinus
227 2970 287 3029 (nec
304 2969 384 3023 babet
400 2968 507 3039 Oppr.);
526 2970 619 3023 malim
638 2968 768 3024 desinunt
786 2968 843 3022 iam
862 2986 888 3037 p.
903 2984 930 3035 p.
944 2968 954 3036 ΙΙ
970 2971 1001 3020 13
1017 2967 1052 3020 ab
1068 2984 1100 3022 eo

92 3039 243 3095 Venetiae:
263 3057 280 3094 a
298 3040 350 3094 deo
368 3045 388 3091 P
403 3041 412 3108 ΙΙ
428 3045 459 3094 16
479 3039 632 3110 appetebat
652 3040 686 3094 P.
700 3039 805 3093 Daniel
823 3036 940 3107 gerebat
958 3037 1100 3093 Hennen-

86 3111 167 3179 nnsll
188 3115 220 3165 18
239 3109 381 3164 miraculis
400 3111 432 3164 P.
452 3111 557 3165 Daniel
573 3112 584 3180 ΙΙ
603 3115 635 3164 19
655 3111 742 3166 edunt
761 3110 790 3164 et
807 3108 934 3164 efficiunt
953 3108 1099 3178 Vatrenus,

87 3180 196 3235 iaciunt
210 3185 273 3251 post
286 3199 343 3237 non
357 3181 446 3236 uideri
461 3181 588 3248 Icnsins;
607 3182 642 3250 cs.
656 3198 743 3249 snpra
757 3198 788 3250 p.
803 3181 828 3234 V
842 3184 897 3234 not.
912 3180 1100 3248 1120122320-

87 3269 149 3306 rum
167 3258 187 3304 P
205 3269 239 3308 m.
260 3258 276 3306 1
299 3254 309 3322 l
332 3258 365 3308 21
385 3253 529 3308 sosthenes
548 3258 576 3320 P,
595 3254 668 3308 ande
687 3253 808 3307 litterula
827 3269 840 3306 s
858 3251 1035 3321 dittoprapha
1054 3252 1099 3306 ub·

86 3323 156 3377 iccio
178 3324 232 3390 feci
250 3326 346 3393 potins
364 3323 495 3390 Ostanes,
517 3341 599 3393 qnam
616 3324 734 3390 sormam
752 3323 831 3377 habet
851 3321 1022 3392 Oppriunus5
1045 3320 1101 3376 Ho-

86 3395 179 3449 stanes
205 3393 334 3450 Gclrnr'ns
356 3396 366 3465 l
389 3400 422 3450 22
452 3394 576 3464 conspici
603 3411 684 3464 posse
707 3409 813 3462 negans
837 3393 937 3448 addidi
959 3409 992 3446 ex
1018 3391 1099 3462 Oppr.

86 3471 111 3534 4,
127 3466 216 3534 21123
235 3466 300 3520 sede
319 3467 409 3521 teneri
427 3466 527 3536 scripsi
544 3467 642 3534 (snpra
656 3482 685 3534 p.
703 3463 845 3533 XXXHD:
866 3463 914 3517 sed
934 3465 963 3517 et
981 3463 1040 3516 ueri
1060 3465 1101 3532 (et

86 3539 203 3606 nusum)
223 3542 243 3588 P
261 3538 270 3606 ΙΙ
292 3544 325 3592 27
343 3535 470 3592 inuenire
488 3555 522 3592 m.
543 3541 559 3591 1
578 3554 611 3592 err
630 3534 677 3590 -iri
695 3552 764 3592 corr.
782 3541 810 3589 P.
