2430 3938
147 199 190 262 26
502 195 646 251 MINUOlI
664 195 801 252 FELICIS

146 343 240 408 mari:
269 342 417 407 sensibus
444 342 548 406 maior
574 345 636 426 est,
663 341 823 425 infinitus,
849 341 1017 406 inmensus
1040 345 1073 406 et
1097 343 1161 407 soli

146 433 209 497 sibi
233 435 356 508 tantus,
385 434 525 515 quantus
550 435 612 509 est,
639 434 744 495 notus.
780 430 875 495 nobis
898 451 975 495 uero
1000 431 1041 494 ad
1063 431 1160 496 intel·

145 523 265 585 lectum
292 523 405 603 pectus
435 521 608 604 angustum
636 522 698 602 cst,
726 523 759 582 et
785 518 857 582 ideo
886 518 932 583 sic
959 540 1032 583 eum
1061 518 1160 604 digne

108 610 368 691 taestimamus,
405 608 481 672 dum
521 607 793 672 inaestimabilem
828 607 973 671 dicimus.
1024 606 1160 692 eloquar

145 696 414 781 quemadmodum
438 695 554 761 sentio:
579 696 835 780 magnitudinem
859 695 911 759 dei
934 695 990 780 qui
1010 716 1045 760 se
1062 698 1161 780 putat
1184 711 1197 754 ⁶

146 807 252 869 nosse,
275 785 408 870 minuit3
431 786 485 870 qui
508 806 575 848 non
598 785 668 848 uult
690 785 843 866 minuere,
865 805 932 848 non
954 784 1058 849 nouit.
1099 806 1161 851 nec

92 891 127 941 10
145 894 264 938 nomen
291 873 349 937 deo
376 894 525 955 quaeras:
554 872 630 937 deus
659 894 777 938 nomen
801 876 859 937 est.
899 871 966 936 illie
989 873 1160 938 uocabulis

147 983 229 1046 opus
249 964 306 1043 est,
330 983 402 1026 cum
421 983 477 1044 per
496 962 642 1045 singulos
667 961 806 1044 propriis
830 960 1087 1044 appellationum
1111 961 1159 1026 in·

145 1050 293 1134 signibus
318 1048 490 1114 multitudo
515 1050 692 1113 dirimenda
716 1054 779 1114 est:
807 1048 879 1127 deo,
906 1049 961 1133 qui
985 1049 1075 1114 solus
1100 1053 1160 1135 est,

145 1138 196 1203 dei
228 1137 421 1202 uocabulum
454 1141 559 1202 totum
592 1141 650 1202 cst.
696 1159 791 1221 quem
824 1137 852 1200 si
880 1142 1006 1221 patrem
1038 1137 1160 1220 dixero,
1172 1154 1197 1194 1⁰

145 1226 308 1291 carnalem
333 1226 488 1309 opineriS,
517 1227 543 1290 si
571 1246 694 1310 regem,
721 1229 886 1290 terrenum
914 1225 1101 1308 suspiceris,
1131 1227 1160 1292 si

145 1313 326 1398 dominum,
353 1314 524 1399 intellegas
551 1314 662 1397 utique
690 1314 870 1379 mortalem.
916 1312 1006 1378 aufer
1031 1313 1175 1390 addita-v

92 1421 124 1468 11
145 1408 254 1468 menta
287 1403 454 1466 nominum
482 1406 515 1465 et
542 1402 717 1486 perspicies
746 1403 814 1467 eius
844 1402 1033 1466 claritatem.
1080 1403 1160 1487 quid

145 1491 231 1577 quod
255 1491 399 1555 omnium
422 1489 461 1554 de
484 1491 548 1554 isto
567 1489 671 1555 habeo
691 1490 905 1555 consensum?
930 1489 1004 1554 audi
1023 1491 1159 1577 uulgus:

144 1602 216 1645 eunr
245 1579 285 1643 ad
314 1579 438 1644 caelum
467 1601 581 1643 manus
605 1580 754 1662 tendunt,
782 1579 864 1642 nihil
889 1579 978 1643 aliud
1001 1601 1099 1664 quam
1124 1579 1157 1645 ‘o
1170 1594 1195 1638 rs

144 1666 233 1733 deus'
258 1668 369 1733 dieunt
392 1672 425 1732 et
448 1666 537 1732 ‘deus
561 1688 699 1753 magnus
723 1666 783 1731 est'
806 1672 839 1732 et
861 1666 950 1731 ‘deus
973 1689 1081 1732 ueros.
1095 1667 1157 1734 est'

144 1761 177 1820 et
200 1756 241 1820 ‘si
264 1757 342 1820 deus
366 1755 509 1821 dederit’.
546 1756 637 1840 uulgi
660 1757 722 1820 iste
740 1756 899 1820 naturalis
919 1777 1025 1820 sermo
1044 1760 1096 1822 est
1115 1779 1159 1822 an

145 1843 322 1909 Christiani
345 1844 531 1908 confitentis
556 1843 683 1908 oratio?
709 1849 741 1908 et
765 1845 820 1928 qui
841 1843 952 1909 Iouem
976 1845 1157 1929 principem

144 1933 268 2015 uolunt,
291 1932 447 1996 falluntur
465 1933 499 1995 in
521 1933 662 2015 nomine,
685 1933 741 1996 scd
760 1933 799 1997 de
817 1954 883 1997 una
901 1936 1064 2018 potestate
1083 1954 1158 1999 con-

36 2041 38 2047 ·
91 2020 297 2087 lilsentiunt.
344 2019 418 2083 audi
450 2024 565 2105 poetes
598 2040 725 2105 quoque
758 2044 858 2086 unum
889 2025 1016 2105 patrem
1045 2021 1195 2087 duumn

145 2117 240 2192 atque
264 2108 430 2172 hominum
453 2109 684 2193 praedicantes,
708 2114 740 2174 et
760 2111 860 2174 talem
879 2131 949 2174 csse
968 2111 1157 2175 mortalium

109 2215 124 2263 2
144 2201 287 2261 mentem
310 2197 439 2282 qualem
462 2218 578 2279 parens
599 2198 744 2263 omnium
763 2198 848 2263 diem
866 2198 1037 2264 induxerit.
1076 2199 1154 2283 quid
1191 2267 1193 2271 ,

143 2285 339 2350 Mantuanus
372 2284 487 2350 Maro?
519 2306 626 2350 nonne
659 2287 802 2370 apertius
835 2286 1013 2371 proximius
1047 2288 1156 2353 uerius

142 2374 339 2458 principio
369 2374 415 2439 ait
443 2373 589 2438 eaelum
621 2396 662 2440 ae
693 2379 819 2441 terras
848 2380 881 2441 et
909 2378 1015 2441 cetera
1042 2377 1156 2441 mundi

143 2463 288 2526 membra
312 2462 476 2546 spiritus
505 2462 611 2528 intus
640 2464 713 2528 alit
737 2467 769 2528 et
791 2463 922 2529 infusa
945 2486 1049 2530 mens
1073 2466 1192 2552 agi-a

143 2553 215 2633 tat,
245 2550 331 2614 inde
359 2551 556 2616 hominum
585 2553 844 2636 pecudumque
868 2573 988 2638 genus
1012 2556 1045 2617 et
1069 2555 1156 2638 quie·

144 2638 221 2722 quid
245 2639 334 2703 aliud
358 2639 570 2704 animalium?
597 2640 683 2704 idem
706 2640 771 2704 alio
795 2642 866 2707 loeo
890 2644 1031 2706 mentem
1056 2643 1155 2707 istam

143 2733 177 2792 et
200 2728 348 2811 spiritum
373 2728 468 2792 deum
490 2729 647 2794 nominat.
683 2729 764 2794 haec
787 2730 854 2795 eius
879 2730 978 2795 uerba
1001 2734 1091 2795 sunt:

214 2906 230 2955 2
249 2917 316 2956 uero
334 2919 368 2958 ea
386 2901 472 2957 uerbo
492 2918 560 2958 corr.
575 2907 595 2954 P
609 2905 648 2972 117
667 2904 761 2958 malim
779 2921 880 2960 nomen
896 2907 939 2960 est
953 2904 1006 2958 sibi
1020 2907 1033 3028 q
1045 2911 1076 2959 11
1094 2921 1154 2960 car·

142 2971 236 3025 nalem
259 3003 295 3011 -
321 2974 462 3027 terrenum
491 2972 683 3042 Wopteasiae:
710 2976 853 3030 terrenum
875 3005 909 3016 -
938 2992 1021 3030 carna
1034 2993 1079 3030 em
1103 2982 1123 3028 P
1144 2975 1156 3049 ΙΙ

144 3047 176 3095 12
196 3040 337 3112 intellegis
356 3049 387 3111 P,
411 3059 480 3098 corr.
501 3045 528 3099 Ι.
549 3046 576 3099 Ι.
597 3044 797 3101 Corneliaeque
819 3049 829 3117 ΙΙ
853 3053 886 3101 14
905 3046 1040 3128 omnium]
1060 3049 1156 3103 malim

143 3129 318 3167 communem
341 3115 345 3181 Ι
368 3114 403 3169 dc
421 3114 497 3170 histo
515 3116 545 3184 (h
564 3119 653 3184 erasa)
672 3122 704 3183 P;
724 3134 762 3172 aa
781 3118 815 3173 de
835 3117 862 3171 h·
881 3120 927 3187 (==
945 3116 1010 3185 hoo)
1028 3135 1091 3187 rpso
1110 3117 1126 3172 ‚2
1148 3119 1153 3191 l

142 3184 208 3237 audi
222 3184 371 3239 Venetiae:
385 3185 470 3239 audio
483 3186 574 3258 21116,
587 3193 618 3241 16
635 3204 650 3241 o
664 3189 732 3242 deus
746 3189 847 3258 scrapss‘
860 3205 893 3243 ea
903 3188 1041 3260 Cypriani
1054 3205 1075 3243 c.
1088 3194 1113 3256 ὅ,
1124 3195 1154 3246 8ι

141 3255 225 3309 deum
243 3259 263 3306 P
286 3256 295 3325 ΙΙ
319 3261 351 3310 16
376 3256 423 3309 dn‘r
441 3273 522 3311 uerus
548 3274 617 3314 corr.
636 3260 668 3312 ia
687 3258 738 3312 dr'rs
756 3276 839 3314 uerus
859 3263 924 3329 (pre
942 3260 975 3313 ds
994 3261 1088 3328 uerus)
1107 3265 1127 3312 P

143 3332 175 3381 17
200 3324 254 3380 iste
272 3357 309 3365 —
327 3327 375 3397 an]
399 3328 493 3382 malim
516 3329 590 3382 idem
610 3358 643 3368 —
663 3345 696 3383 ac
714 3330 822 3385 sublato
839 3331 1031 3399 interroyanda'
1048 3333 1128 3400 eiquo

142 3403 176 3451 20
196 3397 262 3451 audi
286 3396 415 3452 Ursinus:
434 3397 517 3453 audio
536 3401 626 3469 Pss22
646 3399 789 3455 induxerit
806 3401 958 3456 Dauisius:
977 3401 1090 3456 duxerit
1107 3407 1127 3453 P

142 3473 176 3522 23
195 3468 273 3524 Maro
293 3470 325 3522 de
342 3470 497 3537 plessemote
514 3476 666 3538 suspectum
686 3470 871 3527 Ooraelisaeuo
889 3475 898 3543 ΙΙ
917 3478 952 3526 24
971 3473 1005 3540 cf.
1025 3472 1095 3528 Aea.

143 3544 195 3592 724
212 3555 267 3610 sqq.
286 3541 296 3609 ΙΙ
317 3545 351 3595 28
371 3539 430 3595 eius
449 3540 535 3596 uerba
558 3541 688 3598 Ursinus:
707 3544 781 3597 enim
800 3560 868 3599 uera
884 3549 904 3596 P
923 3543 962 3613 (ei
975 3559 1029 3613 pro
1048 3543 1098 3613 ei’)
1117 3544 1154 3612 ef.
