2430 3938
469 202 688 266 bersvinda.
709 215 804 263 s-11.
1102 211 1143 274 15

129 356 252 422 seruire
284 355 388 440 possit
420 377 478 438 per
510 355 664 419 uniuersa
695 355 861 420 districtus
893 377 953 420 nec
982 356 1141 420 uniuersis

128 445 276 510 sufficere
300 445 335 508 in
359 443 498 528 singulis
522 447 708 526 occupatus.
745 444 843 527 quid?
867 445 952 529 quod
975 448 1045 508 toto
1070 444 1193 511 orbill

128 539 161 599 et
183 534 247 618 ipsi
268 533 388 597 mundo
409 555 481 597 cum
501 532 660 596 sideribus
680 532 745 597 suis
765 533 930 596 minantur
947 533 1142 612 incendium,

127 623 256 687 ruinam
285 622 470 703 moliuntur,
502 622 594 705 quasi
623 623 679 685 aut
705 625 841 686 naturae
869 622 987 685 diuinis
1015 623 1142 706 legibus

100 712 326 777 sconstitutus
356 715 505 774 aeternus
529 710 608 775 ordo
631 710 780 774 turbetur
804 715 860 774 aut
882 715 979 793 rupto
1004 712 1143 774 elemen-

126 804 237 866 torum
270 799 415 863 omnium
448 799 575 863 foedere
608 803 641 862 et
673 798 804 863 caelesti
837 820 982 883 conpage
1015 799 1143 864 diuulsa

127 888 230 953 moles
253 887 331 971 ista,
359 909 423 970 qua
447 892 543 952 totum
567 887 751 951 continetur
774 891 807 951 et
830 888 983 972 cingitur,
1009 888 1141 952 subrua-

125 980 190 1042 tur.
225 997 285 1041 nec
309 975 370 1039 hac
394 976 517 1040 furiosa
540 975 692 1059 opinione
716 977 863 1040 contenti
886 977 989 1041 aniles
1011 976 1140 1041 fabulas
1161 996 1176 1043 a

128 1065 300 1130 adstruunt
319 1068 351 1128 et
370 1065 559 1129 adnectunt:
583 1065 709 1128 renasci
729 1086 762 1127 se
781 1064 890 1128 ferunt
908 1069 1141 1148 postmortem

86 1169 114 1214 ro
127 1154 190 1218 etsi
214 1154 336 1219 cineres
361 1157 394 1216 et
416 1153 547 1217 fauillas
568 1156 601 1216 et
619 1153 729 1217 nescio
748 1174 811 1235 qua
829 1153 946 1218 fiducia
965 1155 1141 1219 mendaciis

128 1243 196 1307 suis
219 1243 358 1306 inuicem
377 1242 525 1306 credunt:
548 1245 642 1326 putes
662 1263 717 1306 cos
737 1242 801 1305 iam
821 1242 986 1308 reuixisse.
1023 1265 1140 1324 anceps
1159 1263 1175 1311 3

127 1330 250 1395 malum
275 1334 307 1394 et
330 1331 460 1414 gemina
484 1330 660 1413 dementia,
683 1330 772 1395 caelo
797 1324 840 1395 et⁸
853 1332 965 1413 astris,
989 1353 1070 1415 quse
1095 1332 1141 1395 sic

127 1419 339 1503 relinquimus
368 1424 404 1483 ut
431 1419 628 1502 inuenimus,
655 1420 822 1483 interitum
851 1420 1054 1504 denuntiare,
1082 1420 1141 1483 ho-

127 1508 268 1572 minibus
303 1509 467 1588 [mortuis]
501 1507 666 1590 extinctis,
704 1508 759 1591 qui
797 1509 879 1572 sicut
913 1510 1076 1573 nascimur
1108 1513 1141 1572 et

84 1595 306 1677 disserimus,
323 1596 549 1659 aeternitatem
568 1596 805 1678 repromittere!
825 1596 898 1660 inde
913 1595 1063 1661 uidelicet
1080 1598 1139 1677 [et]
1158 1618 1176 1666 4

127 1687 318 1749 execrantur
340 1703 438 1768 rogos
457 1687 490 1747 et
508 1684 665 1747 damnant
683 1683 809 1766 ignium
833 1685 1023 1768 sepulturas,
1047 1687 1140 1769 quasi

126 1795 194 1838 non
227 1793 321 1837 omne
356 1794 486 1855 corpus,
518 1773 579 1837 etsi
612 1772 751 1836 flammis
787 1773 1009 1856 subtrahatur,
1044 1775 1139 1838 annis

126 1864 237 1926 tamen
256 1864 288 1925 et
306 1861 468 1926 aetatibus
487 1861 521 1926 in
540 1865 628 1926 terra
645 1861 839 1941 resoluatur,
859 1884 919 1927 nec
937 1864 985 1928 uti
1002 1864 1140 1946 intersit,

126 1953 234 2015 utrum
258 1950 346 2016 ferse
369 1951 527 2034 diripiant
549 1973 591 2014 an
615 1951 718 2015 maria
744 1955 935 2016 consumant
958 1974 1001 2016 an
1021 1952 1139 2016 humus

84 2057 113 2096 2⁰
126 2043 280 2123 contegat
303 2062 343 2104 an
367 2040 498 2104 flamma
519 2040 687 2123 subducat,
711 2061 784 2105 cum
803 2040 1013 2105 cadaueribus
1034 2042 1139 2106 omnis

126 2127 302 2210 sepultura,
326 2129 354 2192 si
372 2130 526 2212 sentiunt,
549 2151 655 2211 poena
674 2127 727 2211 sit,
751 2130 778 2193 si
796 2150 863 2194 non
881 2131 1035 2211 sentiunt,
1058 2152 1140 2213 pyra

125 2214 318 2280 conficiendi
354 2215 519 2281 celeritate
557 2217 726 2281 medicina.
771 2217 833 2282 hoc
866 2239 974 2283 errore
1011 2219 1173 2301 deceptis

124 2305 254 2368 beatam
278 2303 340 2367 sibi
359 2307 400 2368 'ut
422 2304 517 2368 bonis
542 2308 574 2368 et
595 2307 762 2388 perpetem
784 2306 886 2369 uitam
910 2307 1046 2370 mortuis
1069 2307 1138 2388 pol-

124 2393 272 2477 licentur,
291 2392 406 2457 ceteris
421 2395 458 2456 ut
471 2391 600 2456 iniustis
616 2413 753 2475 poenam
768 2395 1008 2476 sempiternam.
1034 2395 1139 2459 multa

85 2499 111 2540 aa
126 2480 167 2545 ad
194 2482 274 2546 haec
303 2481 492 2565 subpetunt,
521 2480 555 2544 ni
578 2480 710 2545 festinet
733 2482 848 2547 oratio.
885 2483 1025 2548 iniustos
1048 2484 1138 2567 ipsos

126 2570 243 2656 magis,
264 2570 330 2635 iam
353 2569 456 2652 docui,
479 2591 539 2634 nec
562 2569 686 2634 laboro.
723 2592 926 2656 quamquam,
950 2573 1011 2636 etsi
1034 2573 1138 2636 iustos

199 2785 212 2833 1
229 2779 378 2835 destrictus
392 2784 412 2831 P
425 2781 434 2848 ss
448 2785 464 2833 2
479 2779 534 2834 toti
543 2780 707 2835 Buiduiuus
720 2783 729 2850 l
743 2787 759 2835 6
774 2783 958 2850 compagetqr
971 2785 992 2832 P
1007 2782 1011 2850 Ι
1028 2780 1139 2836 diuulsa

125 2851 321 2906 Burmauuus:
342 2850 434 2904 diuisa
447 2856 467 2903 P
479 2852 489 2920 ll
505 2856 519 2904 7
538 2853 631 2905 totum
645 2853 744 2909 addidi
758 2854 945 2922 (continemur
960 2853 989 2906 et
1001 2852 1140 2920 cingimur

127 2921 286 2990 Meursius;
308 2927 333 2976 et
356 2922 519 2989 difficillime
543 2922 619 2977 orbis
643 2925 813 2978 otmundus
837 2925 986 2980 subiectum
1004 2939 1038 2978 eu
1055 2925 1138 2979 irritis

126 2993 226 3061 capitis
244 2995 288 3048 tic
307 2994 463 3048 adsumitur
481 2994 679 3065 capitationem}
695 3000 727 3048 10
746 2994 799 3048 etsi
818 2995 872 3064 (uei
885 2995 963 3062 licet)
978 2996 1091 3064 scripsi:
1110 2999 1139 3050 et

126 3068 183 3130 P(e
193 3062 284 3118 cinere
297 3068 325 3119 et
335 3063 435 3119 fauilla
446 3064 640 3131 Heumauuus)
651 3065 654 3136 l
667 3065 779 3120 fabillas
789 3070 809 3117 P
818 3066 827 3136 Η
839 3071 880 3132 13,
893 3073 926 3120 14
936 3066 1015 3133 huia
1031 3072 1077 3136 (=
1087 3067 1137 3120 ho-

125 3133 259 3203 minibus)
278 3138 392 3205 scripsi:
411 3134 466 3189 sibi
479 3140 499 3187 P
512 3135 675 3204 interpolate
688 3138 915 3206 redarguentibus
929 3139 985 3192 iliis
999 3137 1139 3192 nascimur

125 3207 155 3259 et
183 3206 330 3261 interimus
352 3209 362 3276 ΙΙ
387 3213 421 3261 14
445 3206 561 3260 mortuis
583 3207 693 3261 seclusit
721 3208 854 3263 Useuerus
878 3207 1006 3276 (mortuis
1030 3213 1059 3263 et
1083 3212 1137 3262 ext.

130 3278 248 3333 Ursinus
270 3280 358 3332 morta
382 3281 436 3332 ext.
456 3278 651 3346 chusuuuus)
674 3279 683 3347 ss
708 3284 740 3332 15
765 3281 794 3332 et
816 3280 1020 3350 dittopraptum
1039 3281 1139 3334 deleuit

129 3347 264 3405 Usenerus
277 3350 287 3418 ΙΙ
303 3355 334 3404 18
353 3351 457 3404 terram
472 3355 501 3417 P,
521 3351 627 3403 correxi
643 3349 648 3418 Ι
664 3349 703 3403 nil
718 3351 830 3406 addidit
848 3351 981 3406 Useucrus
995 3354 1034 3420 (et
1051 3350 1137 3405 inter-

125 3420 164 3475 sit
181 3421 334 3486 Dauisius;
358 3427 472 3475 ceterum
495 3420 529 3486 cf.
551 3421 625 3474 Petr.
649 3422 821 3491 allisis.)
844 3423 853 3491 ss
876 3427 909 3476 m
933 3439 1002 3492 pyra
1025 3422 1138 3490 scripsi:

124 3490 187 3561 ipsa
197 3496 217 3543 P
226 3490 299 3561 ignis
310 3491 372 3562 ipsa
382 3491 565 3563 Dorubartusll
576 3497 609 3546 23
620 3492 749 3546 bacatum
759 3497 779 3544 P
791 3493 795 3566 l
807 3494 1049 3565 mortuiPl125,26
1061 3492 1137 3561 ipsos

124 3562 216 3632 magis
235 3579 287 3616 nec
305 3563 402 3618 laboro
422 3563 478 3618 iam
498 3562 580 3618 docui
598 3569 630 3631 P,
650 3564 755 3619 traieci.
