2430 3938
376 212 548 269 EDITORIS
566 212 781 270 PRAEFATIO.
995 213 1086 268 XXXI

77 360 194 426 cabula
214 356 411 443 aprriano
432 361 562 423 seruata
580 359 615 422 in
633 357 741 423 codice
761 357 908 422 Parisino
928 357 1088 422 obliuioni

77 451 155 514 sunt
181 447 302 511 tradita
327 450 457 530 recepta
480 447 514 510 in
537 450 662 510 textum
686 447 797 531 glossa
820 445 961 530 ‘potest’,
990 446 1088 511 etiam

76 536 139 601 hoc
157 536 229 600 loco
248 535 353 600 inlato
371 534 406 599 in
429 536 603 599 uerborum
627 535 743 599 seriem
767 534 960 598 emblemate
982 535 1087 598 alieno

77 625 253 710 genuinam
271 622 406 688 Minucii
429 623 610 687 orationem
632 622 861 686 detrimentum
880 623 1012 705 cepisse,
1036 644 1087 686 ex·

76 712 187 796 pedite
210 715 260 776 est
282 712 428 794 suspitio.
463 716 495 775 et
513 731 585 775 ecce
604 711 763 776 succurrit
780 711 875 775 nobis
898 710 1087 774 remedium·

77 822 140 885 que
168 799 209 864 ad
237 800 354 864 uulnus
383 800 448 863 iam
475 821 513 863 ex
540 802 632 882 parte
660 799 781 865 urendo
805 803 952 863 curatum
980 820 1105 881 persa·

75 887 219 953 nandum
246 886 433 971 suppeditat
460 886 690 971 Hieronymus,
719 887 773 972 qui
801 887 1025 952 commentarii
1052 887 1087 950 in

76 976 245 1042 Danielem
271 996 297 1040 c.
315 975 337 1039 4
359 974 439 1040 haec
464 975 589 1040 scribit:
612 973 749 1059 Scyllam
771 995 887 1057 quaqua
904 980 933 1039 et
947 974 1085 1040 Chimae-

76 1085 148 1130 ram
179 1069 269 1145 atque
297 1068 468 1146 centauros,
500 1083 573 1128 aues
600 1068 629 1128 ct
657 1063 755 1143 fuas,
786 1064 877 1144 plores
903 1069 931 1128 et
957 1063 1087 1144 arborea

77 1152 180 1218 stellas
207 1157 237 1216 ct
263 1151 379 1233 lapidas
404 1151 502 1232 factos
530 1171 567 1216 aa
593 1151 769 1216 homiuibus
794 1157 930 1216 uarraut
953 1151 1086 1232 fabulae.

77 1261 229 1322 compara
255 1239 480 1322 praecedentia
507 1239 594 1324 apud
616 1239 795 1304 Minucium
823 1240 935 1304 uerba:
964 1262 1002 1304 ex
1025 1240 1087 1304 hoc

76 1327 331 1412 Hieronymiana
349 1349 419 1392 esse
437 1329 556 1393 hausta
579 1328 660 1393 mihi
680 1329 842 1394 concedes.
869 1328 950 1392 nihil
971 1332 1088 1411 autem,

76 1421 114 1480 ut
136 1438 195 1500 par
218 1417 277 1498 est,
299 1416 339 1480 de
360 1417 548 1482 hominibus
572 1440 610 1481 ex
633 1416 820 1481 hominibus
841 1417 937 1481 factis
957 1415 1088 1480 exhibet

75 1503 308 1589 Hieronymus,
334 1526 399 1569 non
423 1505 593 1590 superfluis
618 1504 857 1587 additamentis,
880 1504 988 1588 qualia
1012 1507 1088 1568 sunt

76 1590 213 1658 ‘omnes'
236 1593 289 1656 uel
313 1591 536 1676 ‘omnigenas',
560 1593 707 1656 onerauit
728 1613 841 1657 uocem
865 1591 993 1675 ‘feras',
1020 1612 1087 1656 non

76 1680 189 1747 omisit
207 1680 423 1744 necessarium
442 1679 522 1744 illud
541 1678 662 1744 ‘factos
682 1679 772 1744 essa'.
801 1701 878 1745 nam
898 1679 983 1763 quod
1001 1680 1087 1744 idem

75 1789 143 1833 non
163 1789 290 1833 summa
308 1789 380 1833 eum
400 1768 556 1853 religione
574 1767 710 1832 Minucii
729 1770 827 1833 uerba
846 1768 1008 1851 excripsit,
1032 1768 1087 1832 sed

75 1857 112 1920 in
129 1856 227 1921 rebus
245 1856 389 1921 minimis
408 1854 460 1942 (ut
478 1857 513 1920 in
530 1857 704 1922 uerborum
723 1855 960 1940 conlocatione)
975 1858 1087 1940 paulu-

75 1945 143 2009 lum
176 1945 297 2027 uariat,
332 1944 366 2009 id
398 1967 475 2010 uero
507 1946 603 2010 facilc
641 1966 839 2010 excusamus.
885 1943 1086 2029 Hieronymo

74 2033 176 2118 igitur
199 2033 278 2098 duce
302 2055 395 2097 suum
418 2032 562 2098 Minucio
586 2033 719 2099 reddidi.

143 2142 168 2186 c.
187 2122 288 2205 21,2
320 2121 471 2187 Prodicus
497 2123 675 2204 adsumptos
701 2124 737 2187 iu
763 2123 833 2188 daos
862 2122 1003 2204 loquitur,
1033 2124 1088 2203 qui

74 2211 207 2274 arraudo
233 2211 370 2275 iuuantis
396 2212 488 2276 uouis
514 2211 658 2293 srupibus
679 2212 811 2275 utilitati
834 2210 994 2275 luminum
1015 2229 1087 2288 pro·

71 2297 210 2379 fueruat.
250 2297 303 2362 hic
327 2318 453 2382 quoque
478 2319 591 2363 uereor
618 2303 655 2362 nt
683 2299 818 2382 singulis
847 2298 957 2362 uerbis
984 2298 1087 2361 inmo-

72 2388 187 2451 rantcs
215 2384 390 2469 quidquam
419 2385 636 2469 proficiamus.
677 2390 763 2450 recte
792 2385 920 2470 quidem
947 2385 1087 2451 Ursinus

73 2471 247 2558 ‘frugibus'
276 2474 384 2558 eiecit,
418 2494 490 2539 curn
518 2473 672 2539 Prodicus
705 2474 743 2539 de
776 2474 926 2539 omnibus
954 2473 1086 2539 omnino

74 2560 228 2645 inuentis,
245 2583 312 2627 non
326 2563 365 2627 de
383 2584 449 2628 uno
463 2562 594 2647 frugum
612 2562 755 2642 inuento,
773 2562 981 2647 ‘cogitauerit3
1001 2565 1087 2627 recte

74 2651 205 2735 quidem
232 2651 314 2715 illud
338 2649 498 2716 ‘errando'
522 2651 791 2734 prudentissimus
820 2651 955 2734 quisque
983 2650 1086 2714 elimi-

73 2739 216 2805 nandum
248 2740 391 2823 putauit,
424 2738 583 2823 Sauppius
615 2740 649 2804 in
679 2738 831 2823 ‘quando'
860 2736 986 2823 (debuit
1017 2760 1088 2804 esse

74 2825 304 2912 ‘aliquando'),
331 2827 493 2911 Hauptius
521 2830 555 2893 in
583 2827 770 2911 ‘cemana0',
798 2826 962 2892 Usenerus
991 2827 1087 2892 simul

74 2915 193 2981 siciens
216 2917 251 2981 in
271 2915 415 2981 ‘arando'
435 2921 612 3002 mutantes,
635 2917 690 2982 sed
713 2916 764 2981 his
784 2917 936 2981 omnibus
959 2917 993 2980 id
1015 2919 1086 2980 tan·

73 3008 144 3069 tum
167 3005 330 3068 lucramur
352 3009 389 3069 ut
413 3005 531 3070 euadat
559 3006 719 3071 sententia
748 3005 830 3070 falsa
854 3008 886 3069 et
909 3005 1086 3070 abhorrens

74 3115 95 3159 a
119 3091 282 3158 Ciceronis
311 3093 418 3157 uerbis
447 3095 673 3177 apertissimis,
700 3115 782 3178 quae
811 3116 831 3158 a
854 3093 996 3158 Minucio
1020 3114 1087 3157 non

73 3181 242 3246 intellecta
265 3202 335 3246 esse
359 3184 396 3247 ut
419 3203 584 3247 sumamus
603 3183 758 3266 cogimur.
795 3204 991 3266 quamquam
1014 3182 1086 3245 illo-

73 3291 146 3334 rum
169 3269 313 3334 uirorum
336 3270 480 3335 rationes
499 3271 612 3354 utique
629 3271 818 3335 tolerabiles
839 3275 915 3336 sunt
937 3291 1015 3354 prae
1038 3270 1085 3336 in.-

74 3357 220 3423 credibili
243 3357 414 3423 Dombarti
438 3359 590 3445 artifieio,
618 3359 673 3443 qui
696 3359 797 3423 uerba
819 3359 940 3423 tradita
963 3358 1087 3441 patien-

73 3445 199 3510 tissime
232 3448 339 3514 ferens
371 3447 517 3531 nihilque
548 3449 692 3532 priorum
721 3446 940 3513 dubitationes
970 3466 1085 3519 curans

74 3535 122 3599 sic
145 3535 257 3600 uertit:
281 3535 414 3600 ‘welche
434 3535 492 3600 auf
512 3536 606 3603 ihren
624 3536 804 3602 Irrfahrten
828 3557 910 3600 neue
929 3533 1085 3598 Fruechte
