2430 3938
404 204 575 262 EDITORIS
593 204 808 262 PRAEFATIO.
1033 207 1111 262 XXV

98 351 266 436 temporie,
285 349 340 436 qui
358 349 562 415 ‘rediuiuum'
582 371 654 415 cnm
673 351 804 415 uiuendi
819 352 922 416 uerbo
940 351 1110 416 cohaerere

98 441 163 505 rati
181 440 286 520 (cuius
307 439 524 522 etymologiae
542 439 709 523 popularis
729 439 989 524 antiquissimum
1007 461 1111 504 exem·

96 528 188 613 plum
211 528 322 592 inueni
345 527 431 610 apud
451 527 604 592 Senecam
626 527 791 592 rhetorem
815 551 845 611 p.
865 524 991 614 coeli.)
1016 526 1110 592 ‘redi-

97 615 221 681 uiuum'
245 616 294 680 nil
314 615 401 680 aliud
419 617 535 681 uolunt
553 637 622 680 esse
642 638 740 700 quam
760 614 904 680 ‘nouum'
925 617 993 680 siue
1013 615 1111 681 ‘iune-

98 703 258 788 nescens'3
291 704 375 768 unde
407 703 563 787 perspicis
596 725 652 768 cur
684 726 733 770 ex.
764 724 811 788 gr.
841 704 927 788 apud
957 702 1112 769 Serenum

98 791 341 859 Sammonicum
362 815 393 856 ιι.
411 792 454 857 49
478 796 508 857 et
529 793 679 857 iuuenem-
687 797 852 874 praestaret
873 794 1014 858 ecclisiae
1036 794 1112 874 flore

98 882 246 964 capillum
279 884 311 944 et
342 904 374 945 ιι.
403 880 466 945 667
499 881 644 945 rediuiua
673 881 822 946 cccledier
847 882 903 946 cla
928 882 1112 965 reliquerim

101 966 147 1055 (u.
163 968 230 1034 914
252 968 382 1033 Heinsii
405 968 622 1034 coniecturam
642 967 751 1034 ‘febris
775 968 930 1034 recidiua'
950 991 1010 1054 ego
1034 991 1113 1053 quo-

101 1079 162 1142 que
186 1061 308 1122 certam
331 1052 436 1142 puto).

167 1166 193 1210 c.
216 1145 247 1227 9,
269 1146 290 1210 2
317 1148 354 1210 et
379 1146 473 1209 eliam
497 1164 562 1209 eea
583 1145 718 1210 insolens
739 1149 881 1228 stuprum
902 1146 1113 1211 intercessione

98 1234 183 1299 sacri
203 1233 340 1298 nemius
360 1234 420 1315 pas
440 1233 599 1298 incestum.
635 1255 702 1299 non
720 1254 789 1297 esse
808 1233 1004 1302 insolentem
1027 1235 1112 1298 inter

100 1322 224 1386 alienos
252 1321 339 1386 uiros
367 1320 571 1405 feminasque
600 1321 735 1404 coitum,
763 1321 844 1386 adeo
868 1327 918 1386 est
947 1322 986 1387 de
1014 1322 1111 1386 triuio

100 1413 230 1494 sumpta
254 1410 424 1492 sententia,
447 1414 484 1474 ut
508 1409 661 1494 scriptori
684 1432 750 1475 non
774 1411 886 1494 inepto
903 1416 1045 1494 nequeat
1063 1412 1111 1473 in·

99 1498 218 1583 putari.
260 1501 294 1562 et
321 1520 384 1583 quo
412 1498 492 1562 illud
521 1497 667 1563 ‘etiam'i
700 1500 823 1563 correxi
852 1498 963 1562 ‘etiam
992 1497 1037 1562 sic
1064 1498 1111 1562 in-

100 1584 232 1652 solens'.
273 1607 350 1650 sane
379 1586 445 1649 iam
472 1586 535 1650 hoc
562 1586 726 1650 insuetum
754 1589 826 1649 erat
851 1586 937 1669 quod
967 1586 1109 1650 eiusdem

102 1677 209 1739 sectae
231 1674 297 1738 uiri
319 1677 352 1738 et
374 1673 511 1737 feminae
534 1674 658 1757 passim
681 1673 910 1752 miscebantur,
934 1673 990 1737 sed
1008 1674 1113 1738 eidem

100 1763 219 1827 fratres
243 1782 433 1846 sororesque
458 1783 492 1826 se
515 1762 718 1846 appellantes
741 1762 856 1826 incesti
875 1762 1003 1846 culpam
1023 1763 1058 1826 in
1078 1783 1112 1827 se

101 1850 246 1916 conferre
269 1853 362 1915 acute
386 1851 545 1915 dicuntur.

169 1939 302 2023 c.12,1
332 1959 427 2021 quem
453 1958 509 2004 uos
533 1939 649 2004 inritae
672 1939 906 2020 pollicitationis
928 1957 1017 2004 casse
1039 1944 1113 2003 cetu

100 2028 263 2110 decipiant.
307 2027 407 2092 inrita
438 2027 631 2111 pollicitatio
664 2028 746 2091 mire
779 2026 929 2111 designat
961 2048 999 2091 ea
1031 2049 1113 2111 quae

101 2115 167 2199 ipsi
185 2115 248 2180 sibi
267 2114 436 2180 christiani
454 2116 654 2198 promittunt
674 2113 728 2200 (cf.
747 2136 773 2180 c.
789 2117 841 2193 11,
859 2112 905 2202 5).
938 2119 989 2179 est
1007 2120 1114 2179 autem

100 2203 164 2266 hoc
187 2203 282 2286 plane
306 2225 523 2286 synonymum
542 2225 615 2268 cum
635 2203 732 2268 ‘uotis
751 2202 874 2287 cassis',
897 2204 981 2267 unde
1000 2225 1115 2288 nuper·

101 2290 184 2355 rime
212 2288 247 2354 O.
271 2287 348 2354 Sittl
374 2290 452 2353 libri
477 2290 540 2355 ‘die
563 2290 689 2356 localen
707 2290 1035 2355 Verschiedenheiten
1059 2291 1116 2354 der

102 2378 320 2444 lateiniscben
340 2375 492 2461 Sprache'
516 2378 665 2462 inscripti
687 2402 718 2463 p.
733 2379 776 2443 92
792 2401 860 2462 sqq.
883 2380 999 2443 miram
1018 2381 1114 2463 atque

102 2466 285 2531 inauditam
317 2465 497 2530 doctrinam
531 2465 682 2551 protulit3
714 2487 791 2530 nam
823 2466 968 2531 inmixtis
1001 2468 1114 2531 alienis

102 2555 219 2621 statuit
237 2554 420 2619 semiticum
435 2554 594 2639 quendam
611 2576 715 2638 usum,
735 2555 911 2619 secundum
927 2576 1022 2639 quem
1042 2556 1115 2619 sub·

102 2644 247 2709 stantius
270 2664 344 2708 cum
369 2643 520 2726 genetiuo
543 2643 684 2728 quodam
708 2664 889 2727 synonymo
913 2643 1116 2726 copulantur.

103 2753 199 2816 quem
212 2753 308 2797 usum
326 2735 364 2795 ut
381 2731 435 2796 hic
454 2731 586 2796 subesse
606 2737 757 2814 sumeret,
776 2732 828 2795 uel
847 2730 958 2796 addita
973 2730 1115 2796 ‘inritae'

103 2824 137 2886 et
160 2819 276 2885 ‘cassa'
301 2841 374 2884 eum
402 2841 511 2884 arcere
534 2819 728 2898 debuerunt,
756 2819 869 2884 debuit
892 2841 1000 2883 arcere
1024 2841 1115 2884 accu-

102 2912 176 2973 rata
199 2907 420 2992 exemplorum
438 2906 697 2973 Minucianorum
719 2907 924 2973 examinatio.
961 2907 1116 2973 nimirum

102 3001 190 3062 certo
224 3001 274 3061 est
305 2996 439 3078 certius,
470 2995 610 3061 Felicem
642 2996 811 3080 scripsisse
841 2995 1117 3079 sollicitationis,

102 3083 166 3150 hoc
189 3089 253 3148 est:
276 3084 389 3148 inania
412 3105 494 3168 quae
518 3106 558 3148 ex
579 3085 669 3149 inani
693 3085 926 3150 sollicitatione
949 3085 1117 3170 profluunt

103 3176 183 3238 uota
202 3169 256 3259 (cf.
274 3171 480 3256 c.12‚5ees
498 3193 569 3239 uere
587 3174 727 3254 suspensi
744 3174 867 3238 iuterim
886 3178 976 3255 etque
992 3174 1117 3238 solliciti

101 3260 236 3326 boemiis
254 3256 336 3347 eqs).
376 3261 478 3326 etsie
502 3282 599 3345 saepe
622 3261 765 3345 loquitur
787 3260 958 3339 Minucius,
981 3262 1116 3345 loquun-

104 3354 159 3414 tur
188 3349 244 3414 alii
273 3349 361 3414 haud
388 3371 471 3414 raro.
513 3371 589 3414 nam
617 3350 785 3433 genetiuus
809 3372 882 3414 cum
910 3350 1116 3415 substantiuo

104 3437 296 3503 coniunctus
328 3459 396 3502 non
429 3437 534 3501 solum
568 3459 640 3501 eam
667 3459 748 3522 rem,
776 3459 858 3523 quae
886 3438 919 3502 id
947 3438 1033 3520 quod
1060 3458 1118 3520 per

106 3526 349 3592 substantiuum
367 3547 482 3611 regens
497 3525 686 3610 designatur
699 3526 734 3589 in
753 3525 900 3591 sehabet
914 3528 947 3589 et
963 3524 1118 3607 possidet,
