2430 3938
423 269 424 272 Ν
458 187 640 245 cossurus
660 207 682 244 ο.
703 196 727 246 r.
1085 189 1103 253 7

87 335 173 400 unde
196 337 245 400 dci
267 334 430 401 formido?
454 357 536 419 quae
560 334 747 419 superstitio
772 334 843 399 est?
865 333 964 400 homo
984 340 1016 399 et
1035 336 1102 400 ani·
1121 353 1139 403 8

87 425 152 489 mal
174 446 280 509 omne,
304 423 389 508 quod
408 423 555 488 nascitur
572 423 752 508 inspiratur
771 423 942 506 attollitur,
965 425 1103 488 elemen-

86 519 204 596 torum,
227 516 264 577 ut
286 512 411 595 uolunt,
436 512 527 577 uaria
546 513 706 577 concretio
731 516 789 595 est,
812 513 846 576 in
870 533 950 597 quae
973 534 1103 578 rursum

87 601 183 666 homo
206 605 240 665 et
258 600 381 666 animal
400 622 495 665 omne
512 601 668 665 diuiditur
686 601 824 666 soluitur
843 600 1033 684 dissipatur:
1056 602 1103 666 ita

57 690 120 754 sin
152 690 277 755 fontem
309 690 450 754 refluunt
484 693 516 754 et
548 690 583 753 in
615 692 717 755 semet
744 690 957 754 reuoluuntur
984 692 1103 774 omnia,

55 833 58 836 .
85 779 174 843 nullo
200 779 322 844 artifice
344 781 499 842 renuente
522 800 581 843 nec
604 781 742 843 auctore.
784 778 832 844 sic
853 799 1036 861 consequeus
1058 780 1138 847 ests

86 867 292 953 congregatis
319 867 445 950 ignium
473 867 648 931 seminibus
676 867 761 932 soles
790 866 871 932 elios
899 871 996 951 atque
1020 868 1101 933 alios

85 977 212 1039 semper
231 955 408 1038 splendere,
427 955 473 1020 sie
492 955 627 1019 exulatis
646 959 752 1020 terrae
770 955 947 1041 saporibus
965 956 1102 1022 nebulas

86 1065 214 1127 semper
246 1044 329 1109 ulios
361 1043 557 1127 adolescere,
590 1045 707 1127 quibus
739 1045 883 1109 densatis
916 1045 1101 1129 coactisque

44 1156 71 1195 ιο
86 1132 189 1196 nubes
213 1132 311 1197 altius
335 1153 479 1217 surgere,
507 1132 610 1197 isdem
633 1133 818 1197 labentibus
841 1134 970 1216 pluuias
994 1134 1101 1218 fluere,

85 1221 164 1284 flare
188 1224 312 1314 uentos,
335 1220 511 1306 grandines
534 1221 701 1304 increpare
723 1222 775 1286 uel
793 1221 921 1287 nimbos
941 1222 1102 1288 conliden-

85 1310 172 1374 tibus
200 1310 346 1374 tonitrua
370 1310 510 1395 mugire,
535 1311 671 1375 rutilare
694 1309 839 1395 fulgora,
866 1310 1005 1374 fulmina
1027 1333 1101 1395 pro·

86 1399 219 1482 micare3
248 1419 285 1463 cu
313 1399 392 1465 adeo
419 1399 541 1482 passim
564 1399 695 1477 cadunt,
723 1402 850 1464 montes
874 1398 1022 1483 inruunt,
1051 1422 1101 1463 ar-

85 1487 218 1552 boribus
246 1488 430 1571 incnrrunt,
458 1488 525 1551 sine
554 1487 673 1552 dilectu
696 1491 838 1573 tangunt
860 1489 932 1553 loca
956 1509 1047 1552 sacra
1070 1491 1104 1551 et

45 1598 71 1638 rs
86 1576 238 1660 profane,
266 1576 413 1640 homines
441 1576 555 1640 noxios
583 1576 703 1640 feriunt
729 1595 817 1657 saepe
845 1579 877 1640 et
907 1597 1002 1659 saepe
1028 1575 1102 1641 reli-

86 1665 204 1747 giosos.
256 1663 331 1747 quid
365 1666 577 1747 tempestates
609 1664 724 1747 loquar
757 1664 864 1729 uarias
893 1667 926 1727 et
952 1665 1155 1745 incertas,10

86 1753 203 1836 quibus
230 1752 321 1817 nullo
349 1752 459 1818 ordine
487 1752 540 1816 uel
568 1752 716 1840 examine
741 1773 848 1816 rerum
873 1752 1018 1817 omnium
1041 1753 1102 1817 im-

85 1845 178 1924 petus
202 1841 393 1906 uolutatur?
430 1841 464 1905 in
487 1839 667 1926 naufragiis
692 1841 853 1905 bonorum
877 1841 1100 1926 malorumque

86 1930 155 1994 fata
174 1931 285 2013 mixta,
303 1930 420 1994 merita
440 1928 597 1996 confusa?
616 1929 650 1994 in
669 1928 825 1994 incendiis
843 1930 1010 1994 interitum
1025 1952 1100 1996 con·

43 2019 193 2083 inuenire
224 2020 402 2084 insontium
433 2018 714 2107 nocentiumque?
738 2022 771 2083 et
799 2041 872 2084 cum
898 2019 974 2083 tabe
1002 2021 1100 2103 pesti·

85 2109 154 2170 iera
178 2109 258 2172 caeli
280 2111 403 2172 tractus
427 2102 582 2191 inficitur,
611 2109 679 2172 sine
703 2107 888 2172 discrimine
912 2129 1023 2173 omnes
1047 2108 1099 2172 de·

85 2195 214 2279 perire?
242 2199 369 2261 etcum
393 2195 470 2260 belli
493 2196 608 2260 ardore
633 2195 788 2279 saeuitur,
816 2197 966 2261 meliores
990 2196 1099 2281 potius

85 2283 297 2349 occumbere?
330 2284 363 2347 in
390 2304 470 2366 pace
497 2284 597 2348 etiam
625 2306 693 2349 non
715 2288 842 2348 tantum
866 2288 1023 2368 aequatur
1044 2306 1100 2348 ne·
1120 2302 1152 2351 11

86 2373 189 2457 quitia
208 2371 405 2456 melioribus,
424 2371 479 2436 sed
499 2371 674 2456 extollitur,
693 2375 729 2435 ut
746 2372 781 2435 in
799 2372 947 2455 pluribus
964 2373 1100 2458 nescias,

44 2484 70 2524 aa
87 2466 195 2527 utrum
219 2461 264 2525 sit
286 2483 397 2526 eorum
421 2459 612 2525 detestanda
634 2460 780 2543 prauitas
804 2483 845 2524 an
869 2462 1012 2544 optanda
1030 2462 1100 2526 feli-

158 2625 171 2672 1
183 2618 229 2673 dei
239 2616 528 2688 oddKlassmonnuel
539 2616 623 2688 quae]
634 2619 718 2685 atque
725 2616 947 2688 Heumaaauslls
958 2619 991 2673 ut
999 2617 1099 2673 uolunt

84 2690 163 2744 uaria
176 2691 276 2759 scripsi
294 2692 390 2759 (supro
404 2705 435 2757 p.
449 2688 523 2757 XX):
543 2690 575 2741 ut
593 2686 785 2743 uoluntaria?
801 2689 806 2757 Ι
821 2689 963 2743 concretio
981 2705 1016 2749 cc
1034 2705 1099 2744 con·

84 2764 161 2816 creto
184 2777 252 2819 corr.
271 2767 291 2814 1³
315 2763 324 2831 ΙΙ
348 2766 364 2815 t
388 2757 482 2814 omnia
505 2759 689 2814 resoluuntur
706 2764 739 2825 Ρ,
763 2761 871 2815 traiecit
888 2759 1072 2815 Heamuanus
1090 2761 1100 2832 ll

84 2837 101 2886 6
120 2833 254 2888 renuente
273 2832 386 2902 sumpsi:
404 2847 456 2885 neo
474 2829 567 2885 indice
583 2835 603 2882 Ρ
619 2832 623 2898 Ι
639 2845 811 2898 consequens
830 2834 874 2885 est
892 2831 991 2886 addidi
1009 2830 1098 2898 (uide-

84 2921 146 2958 mus
168 2909 231 2972 post
259 2904 332 2958 soles
359 2901 557 2966 Hescnaunus,
586 2907 650 2955 uate
676 2902 748 2956 idem
777 2901 915 2956 cernimus
943 2901 1065 2974 Machlp)
1092 2902 1096 2975 l

85 2984 101 3032 ‘1
121 2982 206 3045 atque
226 2975 267 3031 bis
286 2976 329 3045 Pu
348 2979 363 3028 9
383 2972 454 3028 alias
473 2972 584 3028 addidit
602 2972 766 3042 Scioppius!
787 2972 943 3028 coalescere
966 2973 1099 3029 Usenerue

84 3055 133 3115 (aa
161 3047 319 3102 adolescere
348 3062 381 3100 ec
408 3042 479 3097 alias
508 3043 663 3097 coalescere
691 3042 871 3112 conflatum)
894 3045 904 3114 ΙΙ
928 3049 960 3097 11
988 3044 1098 3100 nimbos

82 3120 183 3188 scripsi
201 3122 298 3187 (supro
316 3134 347 3186 p.
366 3114 455 3182 XXilz
473 3113 577 3169 nimbis
595 3119 615 3166 1³
638 3115 647 3184 ΙΙ
672 3119 712 3167 12.
735 3119 767 3168 13
787 3115 958 3184 praemicare
976 3121 1010 3183 1³,
1029 3132 1097 3172 corr.

83 3190 268 3245 chmanuue
284 3189 288 3258 Ι
305 3204 338 3243 ea
356 3185 456 3242 addidi
472 3189 476 3253 Ι
495 3185 525 3238 in
544 3185 654 3239 montes
674 3185 812 3256 Machlyfl
832 3190 864 3240 15
885 3202 969 3254 saepe
988 3187 1099 3242 addidit

83 3261 314 3330 Klusemaauasl
344 3265 375 3313 17
396 3254 524 3312 examine
541 3260 709 3324 suspectum
734 3256 894 3312 discrimine
912 3257 1098 3312 Heumcnnus

83 3331 273 3388 moderamine
323 3329 416 3399 achim
435 3343 473 3381 au
491 3325 603 3394 agmine
623 3326 669 3394 (cs.
687 3325 957 3397 vesperarum?
978 3329 983 3396 Ι
1003 3328 1097 3382 malim

83 3420 175 3458 rerum
195 3401 319 3457 omnium
338 3400 367 3454 in
386 3395 540 3468 perniciem
558 3396 680 3466 impetus
698 3398 854 3468 uoluaturl
869 3405 901 3454 19
921 3398 1010 3452 mixta
1026 3398 1097 3453 erita

82 3479 103 3526 1·
121 3490 156 3528 m.
176 3478 192 3528 1
210 3477 220 3542 u
238 3478 272 3526 22
292 3472 374 3526 ardor
393 3467 485 3525 saeuit
504 3468 687 3523 Heamuuuus
700 3471 709 3539 ΙΙ
728 3475 763 3523 24
781 3469 927 3524 extollitur
949 3469 1100 3525 Ueeacrua:

84 3547 114 3599 et
132 3545 233 3600 colitur
251 3550 278 3598 1’.
