2430 3938
151 206 194 269 4ss
507 205 650 260 lllNUCIl
669 204 807 259 FELICIS

153 372 244 415 sacra
268 351 345 433 sint,
374 349 458 433 apud
483 372 563 435 quos
588 350 811 414 sexusomnis
835 349 989 414 membris
1013 350 1164 416 omnibus

150 443 288 523 prostat,
312 439 396 523 apud
420 461 500 523 quos
523 441 595 503 tota
618 439 818 522 inpudicitia·
830 442 968 502 uocatur
986 438 1164 523 urbanitas,

152 529 206 612 qui
241 531 420 592 scortorum
453 527 603 590 licentiae
634 527 797 611 inuident,
829 527 885 610 qui
917 527 1041 591 medios
1073 527 1164 592 uiros

152 617 314 697 lambunt,
342 615 517 680 libidinoso
542 637 597 679 ore
620 615 809 700 inguinibus
837 615 1079 699 inhaerescunt,
1106 615 1164 681 ho·

151 707 254 768 mines
286 704 392 768 malae
424 704 557 787 linguae
586 704 684 768 etiam
717 705 744 768 si
772 707 931 785 tacerent,
964 726 1044 787 quos
1072 704 1163 787 prius
1189 723 1203 766 s

99 810 129 857 11
152 793 310 856 taedescit
332 793 541 876 inpudicitiae
566 813 641 856 suae
666 815 762 876 quam
786 793 943 876 pudescit.
978 814 1037 876 pro
1056 792 1163 858 nefas!

152 882 184 944 id
212 882 247 944 in
278 901 311 944 se
344 881 421 944 mali
454 881 607 944 facinoris
641 881 832 959 admittunt,
864 882 949 965 quod
980 902 1040 946 nec
1073 885 1164 946 aetas

99 968 353 1052 296616616611
377 970 505 1033 mollior
527 991 586 1034 nec
610 970 682 1054 cogi
707 971 844 1034 seruitus
868 969 987 1034 durior.
1026 969 1107 1034 11666
1131 974 1165 1037 61

151 1058 336 1122 huiusmodi
359 1058 520 1140 propudia
542 1058 638 1122 nobis
660 1080 727 1123 non
746 1058 822 1122 licet
840 1079 899 1122 nec
919 1058 1038 1141 audire,
1062 1058 1164 1123 etiam

150 1147 297 1229 pluribus
316 1150 411 1230 turpe
431 1146 600 1211 defendere
619 1151 683 1232 est,
702 1168 739 1210 ea
758 1147 844 1210 enim
864 1147 902 1210 de
921 1147 1020 1211 castis
1038 1147 1163 1230 fingitis
1177 1167 1204 1207 16

151 1239 183 1299 61
211 1234 349 1318 pudicis,
378 1256 459 1319 quae
487 1236 557 1299 fieri
584 1257 651 1299 non
677 1235 891 1319 crederemus,
918 1237 982 1299 nisi
1006 1234 1044 1298 de
1067 1235 1163 1300 uobis

115 1323 343 1406 aprobaretis.
403 1345 477 1386 nam
516 1323 600 1408 quod
637 1324 789 1408 religioni
829 1327 959 1388 nostrae
997 1322 1162 1388 hominem

149 1414 283 1477 noxium
311 1417 344 1476 61
371 1433 496 1476 61666111
525 1412 593 1476 eius
622 1412 818 1495 adscribitis,
846 1413 944 1497 longe
975 1413 1013 1476 de
1041 1412 1163 1476 uicinia

149 1501 296 1565 ueritatis
321 1501 449 1583 erratis,
473 1501 527 1584 qui
550 1501 672 1585 putatis
697 1501 791 1565 deum
815 1500 901 1565 credi
925 1505 982 1564 aut
1004 1501 1162 1565 meruisse

114 1591 283 1655 anoxium
318 1593 375 1653 aut
406 1591 550 1672 potuisse
583 1593 754 1654 terrenum.
800 1610 840 1654 ne
872 1590 927 1652 ille
959 1589 1162 1672 miserabilis,
1175 1609 1201 1650 15

149 1680 240 1742 cuius
262 1680 297 1742 in
319 1678 449 1742 homine
474 1679 603 1742 mortali
630 1700 704 1762 spes
728 1680 833 1742 omnis
861 1677 1025 1761 innititur3
1054 1681 1161 1743 totum

151 1768 236 1830 enim
278 1767 346 1830 eius
388 1767 542 1830 auxilium
584 1788 655 1831 curn
693 1768 835 1832 extincto
873 1767 1003 1831 homine
1039 1767 1161 1831 finitur.

113 1871 130 1918 4
149 1854 306 1939 Aegyptii
326 1877 402 1919 sanc
416 1855 582 1920 hominem
598 1855 660 1919 sibi
676 1877 771 1939 quem
786 1856 896 1920 colant
910 1856 1047 1941 eligunt:
1066 1855 1162 1918 illum

149 1966 248 2006 unum
281 1943 474 2027 propitiant,
510 1945 603 2008 illum
636 1945 674 2007 de
708 1945 858 2008 omnibus
891 1944 1076 2025 consulunt,
1110 1943 1161 2006 illi

149 2032 298 2096 uictimas
322 2033 468 2098 caedunt.
510 2036 545 2096 at
567 2033 632 2115 ille,
656 2034 710 2115 qui
734 2034 849 2097 ceteris
873 2033 973 2117 deus,
987 2031 1050 2096 sibi
1074 2035 1160 2096 certe
1175 2053 1200 2091 16

147 2120 246 2186 homo
275 2125 337 2204 661,
370 2121 450 2184 66111
476 2121 574 2204 nolit3
606 2143 665 2185 nec
693 2123 779 2185 enirn
807 2121 1038 2186 conscientiam
1068 2142 1159 2184 suam

113 2227 128 2276 5
149 2211 279 2293 decipit,
298 2211 325 2274 si
344 2210 431 2274 fallit
450 2209 597 2275 alienam.
631 2210 729 2274 6116111
747 2210 948 2295 principibus
968 2213 1001 2274 61
1019 2209 1160 2292 regibus,

148 2321 214 2362 non
240 2304 277 2364 ut
305 2299 433 2384 magnis
458 2302 490 2362 et
517 2299 627 2362 electis
651 2298 743 2382 uiris,
772 2300 855 2363 sicut
877 2299 928 2363 fus
952 2302 1016 2381 est,
1044 2298 1099 2363 sed
1123 2301 1160 2361 ut

148 2387 215 2451 deis
235 2389 374 2472 turpiter
393 2387 535 2452 adulatio
555 2387 639 2452 falsa
655 2387 829 2467 blanditur,
849 2409 921 2451 cum
941 2388 1158 2470 61616661616

148 2477 219 2540 uiro
243 2476 348 2540 1161161
371 2477 479 2541 uerius
503 2479 536 2539 et
557 2477 680 2559 optimo
699 2498 790 2540 amor
808 2476 932 2540 dulcius
950 2476 1158 2559 praebeatur:
1173 2493 1198 2533 25

149 2565 193 2628 616
222 2586 332 2629 eorum
360 2587 479 2630 numen
507 2565 674 2644 inuocant,
711 2564 750 2627 ad
778 2564 936 2648 imagines
965 2564 1159 2647 supplicant,

148 2655 278 2738 genium
312 2653 344 2716 id
373 2658 423 2717 est
451 2655 640 2718 daemonem
672 2653 719 2717 rei
751 2653 941 2738 implorant3
974 2657 1006 2716 et
1034 2656 1084 2716 661
1112 2653 1158 2716 616

147 2743 250 2806 tutius
273 2765 332 2827 per
353 2742 443 2807 Iouis
472 2742 601 2827 genium
625 2743 769 2824 peierare
793 2764 890 2825 quarn
914 2742 1011 2827 regis.
1048 2763 1158 2806 cruces

112 2848 127 2895 6
148 2831 245 2895 etiam
267 2853 326 2895 1166
346 2833 481 2896 colimus
500 2852 559 2895 nec
578 2835 738 2914 optamus.
770 2853 829 2895 uos
849 2852 936 2915 sane,
959 2831 1013 2914 qui
1031 2830 1158 2914 ligneos

148 2919 223 2983 deos
247 2921 456 3004 consecratis,
479 2941 588 2985 cruces
612 2920 736 3003 ligneas
760 2923 797 2983 ut
819 2919 952 2984 deorum
976 2923 1158 2983 uestrorum
1172 2936 1198 2976 30

112 3024 127 3072 ‘1
146 3011 255 3090 partes
275 3009 413 3075 forsitan
432 3009 584 3074 adoratis.
612 3031 687 3073 nam
707 3013 739 3072 et
757 3009 853 3094 signa
871 3009 942 3093 ipsa
958 3012 991 3072 61
1005 3009 1159 3072 6611161116

147 3102 180 3160 61
199 3097 317 3161 uexilla
337 3104 513 3163 castrorum
534 3097 609 3181 quid
629 3097 716 3162 aliud
736 3119 833 3180 quam
856 3099 1024 3162 inauratae
1048 3117 1158 3161 cruces

219 3271 374 3327 6161166611
391 3277 411 3323 P
429 3275 438 3340 {l
458 3278 490 3327 10
509 3273 602 3326 malim
621 3271 770 3326 defendere
789 3274 871 3341 turpe
888 3274 898 3341 ΙΙ
921 3276 953 3325 15
973 3286 1024 3325 1166
1043 3270 1092 3324 1116
1111 3277 1131 3323 1’
1150 3271 1159 3342 ll

147 3350 181 3397 20
201 3344 232 3396 61
254 3343 403 3398 Vubleauc:
422 3345 450 3398 et
468 3345 557 3412 11121
578 3342 767 3397 conscentiam
785 3345 884 3413 11113,
900 3347 934 3396 24
954 3344 986 3396 ut
1005 3343 1038 3396 de
1059 3343 1159 3412 616211

147 3421 181 3469 16
200 3414 333 3468 inuocant
351 3414 493 3469 Gelenius:
511 3416 651 3467 uocant?
670 3415 679 3483 l
702 3420 735 3468 27
755 3415 796 3468 161
814 3415 926 3483 scripsi:
944 3413 1004 3467 eius
1022 3419 1042 3465 Ρ
1061 3430 1158 3467 eorum

152 3485 290 3538 Votienus
318 3484 357 3552 (id
385 3487 428 3538 est
455 3485 620 3539 daemonem
647 3485 705 3539 eius
733 3486 802 3541 delet
825 3485 976 3553 Wowerus)
999 3486 1009 3553 l
1032 3490 1065 3538 29
1091 3501 1159 3538 sane

148 3556 275 3626 Machly:
294 3556 376 3626 plane
395 3562 421 3612 1³.
