2422 3946
400 220 568 278 annolus
586 223 804 278 PRAEFATIO.
958 290 960 294 A
1008 225 1111 280 XXXV

167 475 269 557 [Haec
288 474 387 539 editio
408 476 482 538 ante
503 473 583 538 duos
603 479 636 538 et
655 475 739 557 quod
755 473 879 539 excedit
893 497 996 539 annos
1011 477 1109 540 cartis

97 567 254 631 mandata
272 565 400 647 iamque
420 562 616 646 bibliopolae
637 563 794 626 mittenda
808 584 880 627 eum
895 567 964 627 tum
980 563 1109 647 quidem
1127 610 1128 614 ,

98 656 142 720 ob
166 675 293 733 causae,
320 674 400 735 quas
422 651 476 715 hic
500 673 659 734 exponere
681 651 764 714 nihil
787 653 919 735 attinet,
946 653 1033 735 typis
1057 675 1108 716 ex-

98 743 197 826 primi
228 741 402 825 nequierit,
434 760 518 804 nunc
550 762 654 823 pauca
686 740 852 804 adicienda
880 745 965 804 sunt.
1010 744 1043 803 et
1070 741 1108 804 de

98 830 234 895 Minucii
270 829 399 913 quidem
436 833 543 892 aetate
579 829 711 892 interim
747 829 921 912 prudenter
958 829 1110 894 disseruit

96 919 132 984 P.
152 916 328 983 Schwenke
347 916 596 1001 (³Jahrbuecher
613 918 689 981 ‚fuer
711 918 983 1000 protestantische
1003 917 1107 983 Theo-

96 1006 207 1091 lcgie',
231 1007 331 1088 1883,
354 1029 384 1089 p.
409 1006 473 1069 263
489 1003 581 1091 sqq),
608 1006 662 1089 qui
687 1007 758 1069 aliis
783 1008 963 1071 rationibus
985 1006 1108 1089 duetus,

51 1108 53 1179 ξ
98 1117 179 1180 quas
202 1117 269 1159 non
293 1095 361 1158 sine
383 1094 492 1158 fructu
511 1117 583 1158 cum
603 1095 683 1157 meis
702 1096 914 1178 comparabis,
938 1117 1023 1160 anno
1044 1096 1108 1159 fere

51 1202 53 1227 ³
100 1185 165 1248 160
187 1182 359 1248 Octauium
388 1184 544 1265 scriptum
573 1205 642 1246 esse
671 1184 820 1266 optinuit.
861 1185 895 1247 in
918 1183 980 1249 hoc
1004 1184 1045 1248 ab
1070 1206 1107 1249 eo

98 1273 270 1353 dissentio,
303 1272 387 1356 quod
420 1293 501 1356 quae
530 1294 555 1336 o.
580 1272 631 1353 18,
655 1272 740 1336 5-7
770 1273 921 1357 leguntur
951 1273 1107 1356 quadrare

51 1378 55 1409 '-
97 1362 231 1444 negauit
257 1361 292 1423 in
316 1361 451 1425 duorum
476 1361 571 1424 simul
595 1360 826 1444 imperatorum
850 1381 986 1445 regnum
1011 1358 1107 1445 (quae

51 1508 53 1513 .
98 1453 149 1512 est
168 1471 240 1512 mea
259 1471 335 1514 sane
355 1450 518 1512 sententia
537 1471 634 1534 supra
653 1473 683 1532 p.
698 1447 763 1512 VH
777 1449 946 1532 exposita).
979 1452 1108 1512 tantum

51 1570 53 1575 ·
98 1538 183 1600 enim
208 1537 300 1600 abest
321 1540 359 1599 ut
382 1537 422 1599 ad
443 1558 535 1599 suum
554 1538 601 1601 ibi
619 1541 747 1619 tempus
766 1537 921 1620 respiciat
938 1535 1108 1620 Minucius,

51 1632 54 1645 “
96 1630 134 1689 ut
152 1625 261 1708 potius
281 1646 319 1686 ex
339 1645 418 1687 aeuo
438 1623 586 1689 fabuloso
606 1630 639 1688 et
657 1626 813 1708 pristinae
829 1625 1028 1707 reipublicae
1042 1624 1107 1689 Ro-

95 1734 213 1777 manae
236 1712 374 1775 historia
397 1713 545 1794 exempla
563 1716 654 1794 petat
674 1713 714 1776 ad
733 1713 961 1778 stabiliendam
981 1718 1107 1778 senten·

95 1803 178 1865 tiam
208 1800 241 1864 in
270 1804 533 1884 argumentorum
562 1802 643 1865 serie
668 1803 753 1866 ultro
779 1824 812 1866 se
836 1803 1024 1867 offerentem
1048 1825 1107 1867 nec

98 1888 279 1973 quaesitam
293 1911 437 1973 quaeque
453 1889 511 1953 sub
529 1890 619 1954 bonis
635 1891 762 1974 quidem
775 1892 1026 1975 imperatoribus
1038 1891 1106 1956 sine

98 1978 240 2060 periculo
268 1978 321 2042 uel
350 2000 369 2041 a
397 1978 584 2044 cautissimo
607 1980 641 2043 in
664 1980 805 2044 medium
827 1980 967 2065 proferri
990 1981 1106 2063 potuit.

163 2116 228 2184 Ser.
250 2142 361 2185 mense
385 2119 564 2186 Nouembri
588 2144 616 2186 a.
642 2121 751 2201 1885]
