2430 3938
166 202 231 257 XVI
472 201 639 258 EDITORIS
658 201 874 258 PRAEFATIO.
911 217 913 222 '

165 347 339 414 consilium
372 346 466 431 cepit
483 345 660 432 Minucius,
690 369 756 412 non
785 347 953 433 Octauius3
986 349 1041 416 hic
1068 354 1179 437 potius

166 436 269 503 sodali
301 457 413 501 ueram
449 436 642 521 religionem
680 436 866 520 amplexuro
899 439 1070 522 accedens,
1106 462 1179 507 oum

164 529 298 610 propter
312 546 426 589 causas
443 525 628 606 incognitas
644 546 754 590 morae
769 526 947 591 existerent
960 526 1070 612 Felici,
1088 551 1179 612 prae

165 614 270 680 cessit.
311 613 397 678 unde
423 613 597 699 legendum
630 617 710 697 puto
739 613 877 678 ‘renuit'
908 614 977 680 siue
1007 616 1181 703 ‘rennuit'‚

165 703 232 768 scil.
252 700 310 767 ‘se'
330 700 385 787 (cf.
403 701 534 767 Horatii
552 702 603 766 od.
621 699 638 766 I
659 702 712 781 35,
731 703 774 767 22
797 723 851 767 mee
869 705 1007 769 comitem
1025 706 1180 793 compat).

232 813 257 856 e.
276 791 310 874 2,
332 791 352 856 3
375 791 410 856 id
431 791 574 872 temporis
590 796 663 872 post
680 793 832 856 mamam
850 793 931 856 dmm
953 795 989 857 m
1007 799 1180 877 temperiem

164 900 227 946 sese
246 880 441 944 autumnitas
458 880 615 962 dimpebat.
648 901 743 944 sensu
764 901 873 945 carere
892 880 1063 946 ‘aestiuam
1083 884 1178 949 diem'

164 969 233 1032 iure
261 989 319 1057 suo
347 968 514 1034 contendit
540 966 685 1033 Kochius
716 968 794 1050 (1.1.
822 992 853 1053 p.
877 968 971 1055 615),
1002 993 1070 1036 non
1097 972 1178 1037 bene

165 1078 326 1140 reponens
359 1055 537 1122 ‘aestiuum
569 1055 744 1122 ardorem'.
786 1079 984 1143 quamquam
1015 1060 1101 1125 enim
1132 1061 1179 1125 sic

164 1145 352 1210 restitutum
381 1148 445 1229 est,
472 1144 558 1230 quod
585 1145 636 1210 illi
660 1145 875 1230 ‘temperiem'
900 1150 943 1212 sit
971 1150 1179 1229 eontrarium,

165 1238 313 1299 remanet
329 1237 441 1299 tamen
459 1234 594 1299 aestatis
614 1235 736 1299 mentio
755 1236 852 1319 plane
871 1236 1004 1301 absona.
1032 1241 1178 1320 tempore

165 1323 253 1388 enim
271 1322 506 1388 uindemiarum
526 1321 602 1407 (hoc
622 1327 672 1387 est
689 1323 796 1389 medio
815 1324 882 1388 fere
902 1345 1010 1389 mense
1030 1324 1178 1410 Octobri)

33 1410 35 1415 ⁴
165 1416 339 1477 autumnus
372 1411 484 1476 mitior
512 1412 582 1477 fieri
609 1412 717 1495 coepit
743 1434 809 1477 non
840 1417 915 1501 post
942 1413 1090 1496 aestatis,
1123 1414 1179 1477 sed

164 1504 241 1585 post
264 1500 314 1565 sui
337 1500 440 1584 ipsius
463 1502 596 1566 calores.
633 1501 752 1586 quippe
772 1501 888 1566 aestiui
908 1501 985 1566 solis
1004 1500 1180 1586 flagrantia

165 1589 320 1673 perdurat
345 1589 478 1654 ineunte
501 1593 671 1673 autumno,
699 1589 784 1655 unde
808 1591 904 1655 huius
927 1592 1037 1655 aestus
1061 1589 1179 1655 aVer-

165 1679 244 1763 gilio
272 1677 389 1763 Georg.
413 1677 551 1743 111479
585 1679 719 1762 aliisque
750 1681 1051 1745 commemorantur.
1094 1679 1179 1744 unde

166 1766 294 1832 ‘aestui
314 1766 451 1832 rabiem'
475 1768 612 1850 reposui.

232 1877 258 1920 c.
281 1856 316 1936 2,
343 1856 365 1918 4
397 1875 467 1919 mm
497 1855 632 1919 dituculo
659 1856 703 1918 od
727 1875 814 1918 more
839 1856 1063 1921 inambulando
1090 1855 1179 1920 litore

160 1962 364 2026 perperemas.
407 1964 446 2006 ex
477 1943 617 2025 hospitis
650 1942 814 2008 domicilio
844 1945 895 2008 uel
924 1966 963 2009 ex
991 1943 1179 2010 deuorsorio

165 2028 213 2116 (in
233 2029 345 2095 Ostiae
367 2033 460 2114 parte
483 2034 627 2096 extrema
651 2031 719 2096 siue
737 2031 860 2097 Romae
884 2033 1033 2116 proxima
1055 2031 1177 2116 posito)

165 2119 261 2184 amici
284 2119 325 2183 ad
348 2140 437 2184 mare
460 2120 709 2204 proficiscuntur
732 2122 834 2185 secuti
855 2121 1007 2203 Tiberim,
1031 2121 1122 2186 cuius
1145 2121 1179 2185 in

164 2208 396 2362 dedit?
417 2207 928 2363 {testemtested
941 2209 1178 2365 {iiidiiaii

165 2321 337 2451 ambulaiit
355 2383 455 2473 (quod
473 2389 589 2470 postea
606 2386 641 2450 in
661 2386 759 2451 marie
777 2387 872 2451 litore
891 2386 1028 2452 faciunt:
1048 2408 1074 2451 c.
1089 2387 1120 2471 3,
1133 2384 1179 2470 4),

166 2475 221 2540 sed
259 2475 299 2540 ad
337 2496 458 2561 aequor
492 2479 706 2559 properantes
738 2476 916 2540 ambulant
957 2474 1178 2539 desideramus

166 2568 275 2629 autem
303 2564 459 2629 disertam
487 2563 615 2629 Tiberis
642 2563 853 2647 mentionem,
882 2566 918 2626 ut
944 2561 1034 2626 illud.
1055 2561 1180 2627 ‘litore'

165 2674 228 2737 quo
256 2652 419 2736 pertineat
450 2653 517 2717 iam
548 2674 616 2717 non
648 2653 692 2717 sit
721 2652 903 2718 obscurum.
942 2671 1019 2715 uam
1047 2648 1180 2716 Cellarii

165 2741 351 2806 coniectura
381 2742 547 2807 nonnullis
580 2741 721 2825 probata
753 2737 875 2806 ‘litori’
907 2741 1089 2804 reiectanea
1122 2744 1181 2824 est,

165 2851 238 2896 cum
266 2851 396 2897 neeesse
424 2831 468 2895 sit
495 2834 663 2914 praeterea
689 2826 988 2917 ³(in)ambulatum'
1011 2828 1065 2893 uel
1089 2825 1179 2914 ‘(in)-

166 2918 388 2984 ambulaturi'.
429 2919 514 3003 quod
543 2919 616 2983 dedi
639 2917 691 2983 ‘in
719 2919 824 2984 amnis
851 2917 1047 2984 ambulando
1071 2914 1179 2981 litore'

166 3012 199 3072 et
223 3008 334 3073 auitii
358 3007 484 3092 origine
507 3012 541 3072 et
564 3030 583 3072 a
607 3008 767 3073 sententia
790 3004 883 3093 (dum
906 3008 940 3071 in
958 3006 1083 3070 Tiberis
1107 3006 1180 3089 ripa

164 3096 384 3182 procedimus)
418 3100 567 3181 apertum
600 3100 659 3162 est.
686 3133 732 3144 —
758 3118 835 3161 mox
866 3097 957 3160 tenui
985 3094 1071 3180 quod
1101 3095 1179 3159 olim

167 3183 271 3269 (lectt.
302 3187 358 3249 lat.
390 3206 421 3268 p.
450 3183 508 3271 23)
548 3185 703 3270 proposui
740 3182 923 3270 ‘uegetaret
956 3205 1028 3248 cum
1061 3183 1180 3247 eximia

165 3273 337 3357 uoluptate
361 3271 422 3339 et’:
449 3274 556 3358 pueris
579 3274 719 3340 fortasse
744 3274 867 3338 harena
890 3273 1039 3357 uestigiis
1063 3272 1179 3337 cedens

166 3363 318 3427 eximiam
352 3363 457 3427 adfert
482 3364 696 3449 uoluptatem,
727 3362 818 3428 nullo
845 3364 942 3446 paeto
970 3361 1049 3425 uiris
1077 3360 1179 3443 seriis,

166 3452 222 3534 qui
253 3451 464 3517 recreationis
496 3452 678 3536 indigentes
709 3474 781 3517 cum
814 3472 903 3516 marc
935 3455 1082 3534 peterent
1113 3449 1179 3513 iam

166 3561 293 3625 summa
316 3562 389 3606 cum
413 3541 581 3625 uoluptate
604 3546 738 3607 uentum
762 3539 958 3605 matutinum
977 3539 1019 3602 ab
1039 3557 1179 3621 aequore
