2430 3938
470 196 651 254 conamus
669 216 691 255 0.
713 204 754 254 13.
775 203 816 253 14.
1112 198 1153 264 19

138 343 299 408 uarietate
326 346 383 408 tua
412 343 581 408 delectarit
609 343 728 420 oratio,
756 346 868 406 tamen
891 342 988 407 altius
1012 365 1153 427 moueor,

137 454 205 498 non
233 432 272 496 de
299 432 466 515 praesenti
494 433 634 515 actione,
662 431 717 497 sed
746 431 784 495 de
811 434 883 495 toto
907 451 1024 514 genere
1047 431 1153 515 dispu·

137 520 244 603 tandi,
278 519 364 604 quod
395 520 585 604 plerumque
617 542 676 604 pro
710 520 936 584 disserentium
969 520 1092 585 uiribus
1121 524 1154 585 et

138 609 353 692 eloquentiae.
370 612 534 692 potestate
563 609 661 673 etiam
689 608 879 691 perspicuae
907 607 1056 673 ueritatis
1080 630 1153 673 con-

110 697 221 761 edicio
251 700 401 762 mutetur.
446 697 479 761 id
508 696 649 762 accidere
678 700 851 780 pernotum
885 700 936 760 est
967 696 1186 762 auditorum4

137 784 306 870 facilitate,
329 786 384 870 qui
408 785 483 850 dum
508 786 680 850 uerborum
700 785 861 849 lenocinio
882 807 901 848 a
920 806 1028 849 rerum
1047 785 1151 849 inten-

136 874 283 938 tionibus
317 877 508 957 auocantur,
542 874 610 938 sine
642 873 762 938 dilectu
795 872 1022 937 adsentiuntur
1055 873 1151 939 dictis

137 962 289 1027 omnibus
308 983 368 1028 nec
387 985 406 1027 a
424 963 521 1044 rectis
540 961 623 1026 falsa
642 965 821 1039 secernunt,
845 961 1025 1026 nescientes
1044 963 1151 1027 inesse

137 1054 170 1115 et
196 1051 232 1114 ia
260 1050 440 1115 incredibili
468 1073 581 1116 uerum
609 1055 642 1114 et
671 1049 706 1113 in
735 1049 906 1113 uerisimili
939 1050 1150 1116 mendacium.

97 1155 124 1196 10
136 1139 247 1223 itaque
271 1160 333 1222 quo
359 1139 486 1223 saepius
510 1138 827 1204 adseuerantioribus
851 1137 999 1222 credunt,
1023 1160 1061 1203 eo
1085 1139 1149 1204 fre·
1168 1155 1184 1204 5

136 1227 288 1311 quentius
309 1249 328 1291 a
346 1228 555 1311 peritioribus
579 1231 776 1312 arguuntur:
800 1226 846 1290 sic
870 1225 1030 1291 adnuendi
1052 1231 1150 1292 teme-

136 1317 233 1380 ritate
266 1314 391 1400 decepti
423 1317 550 1399 culpam
584 1315 693 1380 iudicii
727 1313 929 1379 transferunt
961 1315 1001 1378 ad
1033 1315 1150 1380 incerti

98 1419 102 1426 ’
136 1404 322 1489 querellam,
335 1407 373 1469 ut
383 1405 542 1469 damnatis
553 1404 705 1470 omnibus
722 1403 839 1468 malint
851 1402 1005 1467 uniuersa
1019 1425 1150 1487 suspen·

136 1493 210 1556 dere
238 1515 336 1576 quam
364 1493 403 1558 de
430 1492 604 1557 fallacibus
633 1491 782 1556 iudicare.
824 1491 926 1575 igitur
954 1491 1049 1555 nobis
1076 1510 1184 1575 pro-6

95 1596 121 1638 1⁵
136 1580 309 1645 uidendum
330 1584 388 1662 est,
408 1603 449 1645 ne
468 1581 542 1645 odio
561 1580 673 1643 itidem
694 1600 877 1643 sermonum
897 1580 1041 1643 omnium
1061 1581 1150 1644 labo-

135 1690 258 1750 remus3
291 1668 339 1731 ita
367 1672 404 1731 ut
436 1668 470 1732 in
504 1668 740 1732 execrationem
773 1670 806 1731 et
839 1666 946 1730 odium
979 1666 1149 1732 hominurn

134 1757 279 1840 plerique
309 1756 520 1840 simpliciores
549 1756 736 1840 efferantur,
768 1755 844 1820 dum
873 1755 1001 1819 incaute
1030 1755 1149 1821 creduli

134 1844 428 1910 circumueniuntur
456 1846 497 1910 ab
525 1844 565 1909 iis
593 1867 674 1929 quos
701 1845 807 1908 bonos
830 1846 1042 1929 putauerunt,
1073 1867 1150 1910 mox

135 1954 242 1997 errore
272 1933 432 1999 consimili
460 1934 525 1998 iam
555 1933 714 2017 suspectis
739 1932 890 1997 omnibus
918 1935 955 1996 ut
982 1933 1148 2017 improbos

94 2039 121 2078 20
134 2026 284 2086 metuunt
311 2023 409 2087 etiam
438 2045 520 2107 quos
549 2023 688 2107 optimos
718 2021 839 2086 sentire
863 2025 1045 2105 potuerunt
1087 2039 1182 2089 nost

134 2110 269 2193 proinde
298 2111 445 2195 solliciti,
473 2111 558 2195 quod
586 2112 747 2195 utrimque
775 2110 866 2175 omni
894 2110 1026 2195 negotio
1051 2110 1148 2175 disse-

133 2202 226 2262 ratur
245 2201 276 2262 et
295 2219 333 2261 ex
352 2200 454 2263 altera
477 2201 570 2281 parte
589 2200 778 2284 plerumque
799 2199 936 2263 obscura
956 2198 999 2262 sit
1017 2199 1148 2284 ueritas,

133 2308 173 2351 ex
197 2285 301 2350 altera
323 2286 405 2350 mira
429 2287 603 2371 subtilitas,
627 2308 708 2370 quae
731 2307 975 2369 nonnumquam
998 2286 1093 2350 ubert
1115 2289 1147 2350 te

132 2374 260 2439 dicendi
280 2374 375 2438 fidem
396 2374 560 2439 confessae
578 2374 782 2458 probationis
800 2375 955 2456 imitetur,
974 2309 1147 2458 diligenter

92 2479 118 2522 25
134 2467 291 2546 quantum
314 2466 422 2546 potest
446 2464 574 2548 singula
597 2462 825 2546 ponderemus,
847 2464 884 2525 ut
907 2462 1053 2547 argutias
1076 2464 1146 2547 qui-

133 2552 205 2615 dem
229 2552 370 2630 laudare,
395 2573 433 2616 ea
456 2573 532 2616 uero
557 2573 638 2635 quae
662 2554 749 2616 recta
773 2552 849 2614 sunt
871 2549 990 2634 eligere
1008 2551 1147 2634 probare

133 2641 295 2724 suscipere
318 2638 502 2723 possimus?

205 2837 229 2897 6,
241 2837 256 2885 7
267 2835 338 2899 pato
346 2831 502 2886 intentione
512 2831 546 2902 lli
559 2831 662 2886 dilectis
672 2837 692 2882 P
701 2831 735 2901 il9
749 2830 779 2883 in
789 2829 901 2884 addidit
909 2830 1071 2885 Bolduiaus
1083 2831 1086 2903 l
1098 2848 1145 2886 ue·

130 2900 249 2956 risimile
268 2902 310 2971 Pu
326 2907 358 2955 10
377 2901 676 2968 adseuerationibus1'‚
695 2917 763 2956 corr.
783 2900 916 2955 Uscaerus
929 2903 939 2970 [Ι
954 2906 985 2953 11
1006 2901 1146 2957 adnuendi

130 2974 245 3040 scripsi:
268 2973 384 3027 adsidue
403 2975 631 3042 1’,iaquoicm
650 2973 783 3027 Uscaerus
801 2987 841 3026 ea.
860 2989 901 3042 pr.
921 2972 1087 3027 adsentandi
1105 2991 1145 3028 re-

130 3044 248 3114 quisiuit
269 3046 279 3112 ΙΙ
304 3049 335 3097 12
360 3043 456 3098 iudicii
480 3045 632 3099 Wocoerus:
654 3043 756 3097 iudicis
774 3047 794 3094 Ρ
816 3044 826 3110 l
850 3048 882 3096 13
908 3043 1079 3110 quaerellam
1098 3050 1118 3097 1³
1138 3045 1141 3116 l

131 3112 272 3184 omnibus]
297 3113 474 3183 opinionibus
492 3115 651 3170 Liadaerus
674 3112 847 3169 sermonibus
866 3112 994 3168 omnibus
1015 3115 1145 3185 Mcebly;

129 3186 226 3241 malim
241 3184 414 3239 orationibus
431 3189 436 3254 Ι
451 3186 563 3240 mallint
576 3191 596 3238 1³
610 3187 619 3254 1
636 3189 668 3239 15
682 3190 753 3255 pato
766 3183 862 3239 taedio
879 3187 883 3252 Ι
900 3183 999 3239 itidem
1014 3186 1144 3256 Mustio:

129 3255 286 3311 identidem
304 3261 324 3308 1³
342 3256 467 3310 indidem
484 3255 654 3312 Dombartus
667 3258 677 3324 ΙΙ
691 3262 723 3310 11
743 3255 810 3309 dum
828 3256 939 3324 scripsi:
959 3262 1059 3309 nam?
1077 3273 1143 3310 nam

130 3328 198 3411 dum
211 3327 396 3412 chmuaaus
408 3330 418 3398 11
434 3332 466 3382 18
485 3328 521 3382 ab
530 3327 584 3408 'his
598 3333 618 3380 1³
631 3328 641 3396 ll
655 3333 688 3381 21
705 3327 735 3380 in
750 3326 827 3410 omni
839 3342 902 3396 neg.
923 3326 1041 3382 Ursinus
1056 3327 1143 3395 (omni

129 3396 1143 3535 111111111111111111111111111111

128 3540 279 3610 Koobius);
298 3557 336 3595 aa
355 3557 388 3594 ex
406 3541 496 3596 altera
513 3539 570 3595 late
589 3539 717 3596 renideat
736 3537 839 3594 subt?
1200 3545 1202 3548 ⁴

944 3629 981 3676 ᾖ*
