2430 3938
125 205 143 268 8
482 198 782 290 muscussucrs

73 364 107 412 12
127 348 217 412 citas.
264 347 348 429 quod
373 347 401 410 si
424 345 562 410 mundus
585 345 695 409 diuina
717 344 924 429 prouidentia
947 348 979 409 et
1002 345 1140 429 alicuius

125 436 267 501 numinis
282 435 476 500 auctoritate
490 437 664 518 regeretur,
678 456 854 517 numquam
868 438 1045 498 mereretur
1054 422 1139 498 Pha·

124 525 201 589 laris
226 527 259 590 et
282 523 459 607 Dionysius
483 543 633 608 regnum,
656 544 833 607 numquam
856 522 998 587 Rutilius
1022 526 1055 588 et
1078 522 1140 588 Ca-

72 629 105 679 11
125 614 235 678 millus
260 612 399 695 exilium,
421 634 599 696 numquam
619 609 769 676 Socrates
791 632 960 675 uenenum.
997 632 1070 675 ecce
1089 634 1139 677 ar-

125 704 222 767 busta
250 700 421 786 frugifera,
449 722 521 765 ecce
544 701 609 764 iam
634 721 715 764 cana
739 719 845 784 seges,
872 701 936 765 iam
959 701 1140 765 temulenta
1166 724 1180 766 5

124 791 288 855 uindemia
310 789 407 853 imbri
431 790 662 873 corrumpitur,
686 788 842 873 grandine
865 788 1019 853 caeditur.
1059 789 1140 854 adeo

125 883 181 943 aut
213 883 301 943 certa
331 878 426 943 nobis
459 879 579 942 ueritas
613 879 793 942 occultatur
825 880 858 940 ct
887 877 1045 959 premitur
1073 881 1141 962 aut,

125 967 211 1051 quod
239 967 344 1051 magis
369 966 561 1031 credendum
586 970 648 1049 est,
677 965 776 1030 uariis
799 969 832 1029 et
854 965 987 1030 lubricis
1011 967 1140 1030 casibus

86 1054 383 1137 (isolutadegibus
406 1054 538 1120 fortuna
556 1055 751 1120 dominatur.
789 1075 861 1118 cum
880 1055 982 1136 igitur
1001 1058 1057 1119 aut
1075 1055 1141 1120 for·

124 1146 205 1208 tuna
227 1144 351 1208 incerta
373 1148 430 1207 aut
452 1144 576 1208 ineerta
598 1148 716 1207 natura
740 1143 797 1227 sit,
825 1147 947 1227 quanto
972 1144 1139 1208 uenerabi-
1155 1168 1181 1208 ιο

124 1233 188 1297 lius
217 1255 254 1298 ac
282 1231 412 1316 melius,
444 1232 600 1317 ancipites
629 1231 778 1296 ueritatis
806 1231 967 1295 maiorum
995 1233 1140 1315 excipere

124 1320 343 1405 disciplinam,
375 1320 549 1406 religiones
577 1319 715 1384 traditas
744 1319 862 1403 colere,
891 1320 982 1402 deos,
1010 1342 1092 1404 quos
1121 1343 1144 1386 a

124 1411 313 1493 parentibus
333 1413 408 1474 ante
427 1409 558 1474 inbutus
578 1430 612 1472 es
631 1408 755 1490 timere,
774 1408 909 1472 adorare
928 1430 1024 1492 quam
1043 1431 1141 1475 nosse

124 1499 331 1582 familiarius,
358 1519 417 1563 neo
445 1498 484 1561 dc
511 1497 698 1561 numinibus
729 1497 813 1560 ferre
842 1497 1051 1579 sententiam,
1084 1499 1140 1562 sed

124 1588 285 1670 prioribus
318 1587 459 1665 credere,
493 1587 549 1670 qui
580 1586 685 1650 adhuc
716 1585 789 1651 rudi
817 1586 947 1650 sacculo
974 1585 1009 1649 in
1036 1586 1139 1671 ipsius
1153 1607 1179 1649 11

127 1678 232 1741 cultus
259 1676 426 1740 natalibus
449 1678 636 1740 meruerunt
659 1674 735 1738 deos
759 1675 811 1738 uel
834 1674 920 1738 ciues
943 1674 1064 1739 habere
1087 1675 1141 1740 uel

125 1765 242 1849 reges?
278 1764 353 1828 inde
391 1763 470 1828 adeo
508 1785 566 1847 per
602 1764 754 1827 uniuersa
785 1762 923 1846 imperia
954 1764 1140 1846 prouincias

127 1853 246 1937 oppida
274 1852 420 1916 uidemus
451 1851 597 1935 singulos
627 1872 791 1916 sacrorum
815 1852 897 1915 ritus
921 1852 1059 1936 gentiles
1083 1851 1140 1917 ha·

125 1942 201 2005 bere
225 1944 258 2003 et
280 1940 357 2003 deos
381 1939 486 2004 colere
507 1940 696 2023 municipes,
719 1942 757 2004 ut
775 1939 960 2004 Eleusinios
981 1937 1140 2024 Cererem,

125 2029 274 2112 Phrygas
297 2026 450 2111 Matrem,
473 2027 669 2111 Epidaurios
692 2028 933 2111 Aesculapium,
957 2028 1139 2095 Chaldaeos
1154 2050 1180 2090 so

126 2117 250 2194 Belum,
273 2116 429 2180 Astarten
453 2115 561 2200 Syros,
584 2116 724 2181 Dianam
751 2117 897 2195 Taurios,
921 2116 1034 2182 Gallos
1057 2117 1139 2183 Mer·

93 2205 264 2270 acurium.
301 2205 428 2269 intuere
450 2205 517 2269 iam
535 2205 708 2271 Romanos.
745 2205 921 2270 siccorum
941 2210 1087 2289 potestas
1108 2213 1141 2272 et

129 2294 305 2359 auctoritas
333 2294 436 2358 totius
465 2295 553 2359 orbis
577 2295 735 2358 ambitum
759 2295 944 2377 occupauit,
971 2295 1017 2360 sic
1039 2295 1140 2381 impe·

125 2384 209 2447 rium
243 2405 336 2447 suum
364 2383 452 2446 ultra
479 2383 560 2447 solis
587 2383 659 2447 uias
690 2385 722 2446 et
748 2382 850 2465 ipsius
879 2384 991 2447 oceani
1017 2383 1140 2448 limites

125 2472 336 2556 propagauit,
366 2471 441 2535 dnm
469 2475 618 2536 exercent
645 2472 680 2535 in
708 2470 805 2535 armis
834 2471 988 2536 uirtutem
1010 2473 1139 2558 religio·
1155 2492 1182 2534 as

198 2635 213 2682 3
233 2626 369 2681 dionisius
383 2633 402 2678 P
416 2628 455 2697 [15
476 2643 556 2696 seges
575 2642 646 2681 cana
657 2633 686 2694 P,
702 2628 811 2681 traiecit
824 2628 1009 2682 Herminones
1021 2629 1032 2696 ΙΙ
1046 2634 1061 2682 6
1076 2635 1142 2684 cate

126 2696 211 2754 imbri
228 2699 278 2753 boc
294 2699 351 2765 fere
369 2697 465 2753 nimbo
484 2697 675 2767 percelluntur
692 2699 862 2753 intercidisse
874 2701 1047 2767 putauerim,
1067 2702 1142 2769 quoa

127 2779 212 2840 aeque
226 2775 324 2840 spectet
342 2771 380 2824 od
398 2771 513 2824 arbusta
530 2769 667 2839 frugifera
683 2786 766 2839 qaam
783 2769 867 2822 imbri
886 2785 955 2825 corr.
975 2772 1013 2825 ad
1030 2777 1142 2839 sepetem

126 2857 225 2896 cauam
239 2846 264 2894 et
277 2840 375 2910 grand.
391 2840 467 2894 caed.
478 2842 515 2895 ad
530 2841 701 2895 temulentam
716 2841 883 2895 uiridemiam
897 2841 906 2910 l
921 2846 936 2894 7
950 2843 1028 2895 certa
1040 2843 1142 2910 scripsi

128 2913 173 2981 (cf.
184 2929 269 2981 supro
275 2928 305 2980 p.
316 2909 418 2981 XXIl):
429 2910 536 2965 incerta
544 2911 579 2982 Pil
588 2919 612 2978 9,
625 2916 657 2964 10
667 2911 895 2966 fortunaincerta
904 2913 1016 2981 sempsi:
1027 2913 1143 2968 fortuna

128 2985 205 3037 certa
222 2988 241 3033 P
256 2985 265 3053 ΙΙ
280 2988 311 3035 11
332 2982 470 3051 ancipites
493 2983 639 3037 Usenerus:
659 2982 800 3037 antistites
815 2988 835 3035 P
849 2985 858 3052 ΙΙ
874 2988 906 3037 13
926 2983 1056 3038 estimare
1077 2987 1142 3056 (pst.

126 3071 160 3108 m.
176 3055 207 3122 2)
222 3071 307 3122 quam
322 3069 403 3107 nosse
417 3051 584 3106 familiarius
599 3054 714 3108 adorare
729 3059 757 3120 P,
771 3055 869 3109 traieci
882 3055 979 3122 (supra
991 3071 1019 3121 p.
1033 3054 1124 3124 XXII)
1133 3055 1143 3126 ll

129 3129 162 3178 16
186 3123 279 3178 cultus
302 3125 415 3192 scripsi:
437 3124 593 3178 mnndusP
616 3142 650 3179 m.
674 3130 705 3191 1,
728 3124 825 3178 mundi
843 3141 926 3192 corr,
950 3126 1000 3179 uui
1018 3140 1033 3178 o
1051 3127 1143 3195 inepte

128 3198 192 3265 (qao
214 3200 324 3250 seruato
346 3194 416 3263 ipsis
435 3195 573 3264 Gelenius)
600 3199 604 3263 Ι
629 3195 705 3250 ciues
725 3196 920 3250 Heumanaas:
943 3141 1040 3250 faciles
1058 3201 1078 3248 P
1100 3197 1142 3251 fs·

127 3267 218 3320 mulos
242 3266 376 3321 Useaerus
393 3265 402 3333 ΙΙ
422 3270 455 3319 18
475 3265 559 3334 opida
576 3269 618 3337 Pu
640 3273 672 3321 19
691 3267 723 3325 ut
740 3268 780 3322 ed.
795 3284 856 3336 pr:
876 3271 1013 3337 1121120
1033 3268 1141 3323 escula·
1175 3317 1178 3321 .

128 3338 206 3406 pium
225 3336 356 3391 chaldeos
370 3340 391 3387 P
403 3337 413 3404 ΙΙ
427 3342 460 3389 22
480 3335 588 3391 intuere
602 3337 660 3391 iam
673 3338 774 3405 scripsi
788 3341 884 3407 (sopra
898 3354 928 3407 p.
944 3337 1060 3407 XXIID:
1079 3338 1141 3392 uni·

128 3426 238 3463 uersam
258 3409 297 3475 (m
316 3409 406 3477 11111)
425 3409 468 3477 Pl}
487 3413 521 3461 23
541 3407 663 3462 ambitus
681 3414 709 3476 P,
729 3425 797 3463 corr.
816 3408 949 3464 Halmius
962 3411 972 3480 l
986 3414 1020 3464 25
1038 3426 1142 3479 propa-

128 3481 230 3550 garunt
252 3478 450 3545 Haemonius,
476 3484 545 3533 recte
567 3484 598 3533 ut
622 3484 704 3547 puto,
731 3480 789 3533 uisi
810 3482 907 3548 potius
929 3481 969 3535 sio
991 3480 1142 3550 imperium

131 3553 199 3620 (soil.
219 3551 326 3619 eorum)
346 3550 413 3603 fines
432 3549 508 3602 ultra
527 3592 532 3602 .
551 3591 556 3602 .
573 3592 578 3603 .
598 3550 766 3619 propagauit
782 3556 912 3618 praestat.
