2430 3938
99 219 216 274 XXXIV
401 218 572 274 EDITORIS
591 219 809 278 PRAEFATIO.

100 365 319 449 ascripsimus,
341 364 426 428 male
450 365 631 429 anteriores
654 365 702 428 ita
726 365 939 430 medebantur
962 370 998 430 ut
1021 366 1114 434 ‘nun-

100 454 165 518 tios
184 454 235 518 dei
255 453 309 517 sed
328 454 407 536 ueri,
427 453 494 517 eius
514 453 727 517 uenerationi'
747 456 933 520 scriberent.
968 478 1053 537 nam,
1077 463 1114 521 ut
1175 488 1178 499 ·

101 547 206 606 cetera
235 543 437 625 omittamus,
465 540 647 625 Cyprianus
673 540 708 625 (l.
731 542 752 607 l.
775 543 810 625 4,
837 545 852 607 l
876 574 916 596 =
937 565 963 608 c.
987 545 1007 608 6
1031 543 1114 608 Har·
1176 554 1178 617 ἶ

99 631 183 716 telii)
212 631 369 694 scribens:
398 629 527 696 Ostanes
553 635 583 694 et
606 632 743 711 forman
770 634 839 695 neri
860 633 910 696 dei
930 638 1022 714 nepot
1043 655 1112 698 eon-
1165 685 1168 689 .

98 721 177 801 spici
202 739 293 801 posse
323 724 353 782 et
382 719 504 802 nendos
539 720 650 800 [ueros]
682 722 747 784 sati
774 721 840 785 eins
867 722 941 785 dicit
966 723 1114 786 adsistere

98 808 197 891 plane
230 807 408 891 confirmat,
435 807 574 891 pessime
601 812 677 890 post
707 806 832 871 ‘uerum
861 807 966 872 deum'
994 811 1112 874 iterum

98 895 253 959 inculcari
277 895 339 959 ‘dei
363 895 419 959 sed
442 895 532 960 ueri'.
570 896 625 959 sed
650 896 736 979 quod
760 919 799 959 ex
821 897 968 960 ductibus
987 898 1110 962 littera-

98 1007 170 1048 rum
195 984 367 1048 effecerunt
390 983 557 1048 Hartelius
581 990 614 1048 et
637 984 780 1049 Kochius
806 984 924 1049 ‘sedem
948 985 1055 1068 tueri',
1078 987 1112 1050 id

99 1094 293 1157 quamquam
326 1073 516 1136 mutationis
549 1072 684 1136 lenitate
717 1073 896 1156 blanditur,
927 1078 1038 1137 tamen
1069 1076 1111 1139 ab
1163 1148 1166 1153 ¹

99 1162 259 1224 sententia
281 1161 496 1224 reiectaneum
520 1163 584 1243 est,
613 1160 771 1244 siquidem
799 1162 883 1225 sedis
907 1161 1035 1226 diuinae
1058 1162 1111 1226 de·

97 1249 278 1313 sensionem
311 1249 344 1312 in
378 1250 525 1332 angelos,
558 1250 669 1332 quales
701 1250 755 1313 hic
788 1250 1013 1313 describuntur
1044 1248 1112 1334 (dei

97 1338 298 1401 uenerationi
327 1336 519 1400 adsistentes
548 1342 581 1400 et
607 1341 688 1401 nutu
711 1337 865 1420 uultuque
889 1338 1012 1401 domini
1036 1361 1116 1403 con-¹

97 1423 351 1509 tremescentes),
373 1447 439 1489 non
453 1424 608 1508 quadrare
623 1425 830 1489 manifestum
851 1430 909 1489 est.
946 1427 1055 1508 potius
1075 1428 1111 1492 in

98 1515 272 1597 archetypo
297 1514 452 1597 scriptum
475 1513 576 1577 fuisse
595 1513 723 1577 uidetur
740 1514 884 1595 sedeteri
908 1515 993 1578 uude
1011 1515 1111 1579 libra·
1159 1536 1164 1541 ·

97 1603 182 1666 rium
206 1601 274 1666 eius
298 1602 384 1686 quod
408 1603 506 1684 paulo
530 1605 605 1665 ante
628 1602 749 1686 legitur
773 1601 898 1665 ‘uerum
918 1602 1024 1666 deum’
1044 1625 1109 1668 me·
1158 1606 1169 1681 ’ς-

97 1713 219 1754 morem
249 1692 391 1755 effecisse
420 1688 487 1753 ‘sed
513 1693 546 1754 et
569 1688 650 1753 ueri'
673 1691 770 1754 facile
794 1691 1004 1777 intellegitur.
1046 1691 1110 1757 ‘dei

98 1780 172 1844 sede
191 1777 317 1860 teneri,
335 1780 397 1843 hoc
417 1782 467 1841 est
484 1779 616 1842 retineri
633 1778 701 1842 siue
716 1779 883 1862 contineri,
902 1780 1108 1862 aptissimam
1159 1792 1172 1865 ζ,

97 1869 131 1931 in
155 1868 207 1931 his
231 1867 356 1950 angelis
382 1867 574 1929 sententiam
598 1868 741 1949 praebet.
1161 1868 1178 1925 i

164 1977 189 2020 c.
213 1957 265 2037 38,
284 1957 304 2018 3
328 1956 426 2019 miror
448 1956 703 2036 qinnudmodnm
727 1956 869 2020 tribuatis
891 1957 1032 2020 eruanimi
1054 1962 1113 2022 ant
1160 1930 1178 2015 :l

96 2064 160 2108 non
186 2046 327 2109 sentienti
352 2043 450 2123 facem
477 2048 534 2106 ant
555 2064 619 2109 non
640 2046 781 2110 sentienti
804 2065 961 2128 monam,
988 2050 1113 2110 annet
1143 2016 1178 2145 l

96 2133 201 2198 beans
218 2154 281 2197 non
299 2137 382 2214 eyeut
399 2137 428 2196 et
444 2133 537 2196 miser
557 2153 620 2196 non
631 2133 913 2214 pandent-floridus.
937 2133 1017 2197 haec
1031 2155 1110 2198 num
1173 2148 1178 2195 Ξ

96 2243 172 2286 uere
201 2221 400 2286 correxerint
422 2219 563 2285 Ursinus
587 2225 619 2284 et
643 2221 821 2285 Salmasius
846 2223 1016 2285 scribendo
1041 2221 1110 2286 ‘aut
1171 2236 1178 2289 t

98 2311 251 2375 sentienti
270 2306 395 2392 facem',
412 2309 507 2373 ualde
522 2309 644 2373 dubito.
672 2311 776 2374 omnis
791 2310 875 2390 enim
890 2309 970 2373 facis
985 2311 1108 2374 mentio
1167 2302 1178 2332 '¹'

96 2420 257 2482 peruersa,
284 2398 442 2482 siquidem
465 2399 603 2462 testibus
627 2402 660 2462 et
682 2399 729 2462 eis
752 2421 834 2482 quae
859 2399 1053 2463 antecedunt
1077 2402 1109 2463 et

96 2487 193 2552 huius
226 2488 386 2552 enuntiati
419 2487 527 2551 uerbis
560 2487 685 2550 ultimis
719 2485 757 2550 de
791 2488 861 2551 sola
892 2508 1012 2552 corona
1040 2488 1109 2551 siue
1168 2488 1178 2577 3

96 2576 231 2640 floribus
262 2580 387 2660 agatur.
433 2576 529 2639 debet
557 2579 666 2639 autem
693 2596 733 2638 ex
760 2576 827 2640 illis
856 2574 1014 2640 ‘autnon
1038 2596 1110 2638 sen·
1169 2598 1178 2651 ὴ

97 2666 193 2729 tienti
225 2662 341 2729 facem'
375 2663 495 2747 aliquid
528 2664 612 2741 erui,
644 2664 728 2747 quod
762 2664 863 2728 artius
897 2684 970 2727 cum
1001 2664 1110 2727 uerbis
1157 2699 1168 2745 ·.

67 2785 70 2788 ·
100 2753 224 2817 ‘beatus
243 2775 309 2817 non
328 2756 411 2836 eget,
430 2753 528 2815 miser
545 2773 611 2816 non
630 2751 751 2836 gaudet
768 2751 912 2817 floribus’
928 2749 1110 2816 cohaereat
1173 2786 1178 2793 ·

97 2842 249 2906 nimirum
276 2843 309 2905 in
331 2840 446 2924 Elysio
472 2839 679 2904 uersantibus
708 2841 834 2905 abunde
862 2839 982 2904 adsunt
1004 2839 1111 2923 flores,
1168 2876 1175 2911 ,-

99 2951 180 3013 quos
205 2952 265 2994 nec
288 2929 410 2993 habent
431 2949 491 2992 nec
515 2934 629 2992 curant
651 2929 680 2992 ei
704 2930 815 3013 quiin
839 2929 1011 2992 Tartarum
1035 2932 1112 2991 sunt
1171 2944 1178 3009 ξ

99 3019 245 3084 coniecti.
290 3017 394 3102 Elysii
423 3021 531 3081 autem
554 3017 677 3081 incolas
701 3018 854 3101 quoniam
877 3038 954 3101 pax,
981 3015 1111 3080 Tartari
1168 3018 1178 3061 ’-

100 3111 208 3170 autem
227 3111 392 3171 consortes
411 3127 517 3189 poena
535 3109 668 3169 aeterna
682 3106 808 3190 excipit,
824 3106 933 3190 potuit
946 3104 1109 3168 Minucius
1170 3102 1174 3109 “

99 3196 144 3259 sio
168 3195 307 3260 scribere
330 3193 398 3258 ‘aut
419 3196 486 3258 iam
509 3194 665 3258 sentienti
688 3193 823 3278 paoem',
846 3193 909 3258 hoc
932 3197 982 3257 est
1003 3195 1113 3258 beate.

166 3335 288 3419 Scripsi
311 3334 496 3419 Groningae
520 3358 630 3400 mense
653 3334 747 3401 Iunio
771 3359 798 3401 a.
824 3335 919 3400 1883.
