2430 3938
396 198 577 256 cernulus
597 216 619 253 ο.
640 205 682 253 22.
702 204 743 252 ns.
1038 199 1081 264 35

64 346 222 413 Hercules
251 349 287 410 ut
318 345 483 410 hominem
513 347 609 408 exuat
637 341 766 407 Oetaeis
794 342 925 426 ignibus
953 365 1081 409 concre-

65 438 182 500 matur.
218 435 279 499 has
303 434 430 498 fabulas
455 440 487 496 et
510 454 634 496 errores
658 435 690 496 et
711 431 751 494 ab
772 431 920 514 inperitis
938 428 1132 516 parenti-23

64 525 128 589 bus
161 524 314 588 discimus
347 527 393 606 et,
425 520 510 605 quod
543 523 593 584 est
626 520 771 605 grauius,
803 520 867 602 ipsi
900 519 1014 585 studiis
1049 525 1080 586 et

66 611 247 695 disciplinis
262 612 477 694 elaboramus,
497 609 694 674 carminibus
713 607 886 691 praecipue
901 612 1080 694 poetarum,

35 701 122 786 squi
149 701 327 784 plurimum
359 701 516 782 quantum
544 697 676 762 ueritati
708 697 771 779 ipsi
801 718 859 760 sua
887 698 1080 762 auctoritate

64 793 255 854 nocuerunt.
297 791 331 851 et
358 787 452 852 Plato
482 787 553 850 ideo
582 786 746 869 praeclare
774 784 954 850 Homerum
987 787 1114 851 illuma

64 878 224 960 inclytum
246 875 415 941 laudatum
440 878 471 940 et
495 878 684 939 coronatum
704 873 742 937 de
762 874 905 959 ciuitate,
929 897 1025 958 quam
1043 875 1079 938 in

65 988 214 1030 sermone
237 964 439 1047 instituebat,
462 963 564 1028 eiecit.
600 962 654 1026 hie
672 963 759 1026 enim
781 963 975 1047 praecipuus
994 964 1115 1029 bellos

65 1054 180 1118 Troico
205 1054 281 1118 deos
306 1056 445 1135 uestros,
477 1052 538 1116 etsi
566 1051 659 1116 ludos
683 1051 775 1135 facit,
803 1053 911 1115 tamen
936 1052 997 1132 [in]
1021 1052 1078 1116 ho-

22 1161 51 1200 ro
64 1143 189 1206 minum
207 1143 304 1207 rebus
323 1145 355 1205 et
375 1141 499 1206 actibus
520 1140 663 1222 miscuit,
682 1139 736 1204 hic
755 1161 865 1205 eorum
884 1140 976 1222 paria
993 1162 1079 1206 com·

64 1230 187 1315 posuit,
216 1231 376 1295 sauciauit
397 1228 571 1307 Venerem,
602 1228 741 1293 Martem
765 1227 871 1292 uinxit
893 1229 1079 1293 uulnerauit

63 1319 201 1405 fugauit.
242 1318 354 1383 Iouem
382 1321 494 1382 narrat
522 1317 656 1381 Briareo
683 1317 872 1400 liberatum,
900 1338 940 1380 ne
969 1339 989 1380 a
1016 1317 1114 1382 diist

65 1409 179 1472 ceteris
199 1408 365 1492 ligaretur,
385 1411 418 1470 et
437 1405 655 1490 Sarpedonem
675 1405 787 1489 filium,
806 1405 960 1487 quoniam
980 1406 1079 1469 morti

63 1518 128 1560 non
152 1499 282 1579 poterat
305 1496 436 1578 eripere,
460 1495 601 1559 cruentis
625 1495 784 1558 imbribus
808 1493 936 1556 fleuisse
955 1495 988 1556 et
1006 1494 1077 1559 loro

23 1603 49 1644 1⁵
63 1582 199 1649 Veneris
223 1585 378 1647 inlectum
400 1583 591 1666 flagrantius
611 1604 706 1665 quam
730 1582 763 1644 in
788 1580 951 1645 adulteras
975 1583 1079 1646 soleat

63 1694 136 1743 cum
151 1671 275 1736 Iunone
294 1692 392 1736 uxore
412 1671 632 1734 concumbere.
665 1669 744 1733 alibi
759 1669 914 1733 Hercules
934 1672 1077 1734 stercora
1097 1684 1113 1734 s

63 1761 167 1844 egerit
199 1764 232 1823 et
260 1758 379 1842 Apollo
408 1758 547 1823 Admeto
578 1779 674 1842 pecus
706 1758 821 1841 pascit.
861 1756 1075 1824 Laomedonti

62 1870 140 1913 uero
165 1870 274 1912 muros
293 1846 465 1931 Neptunus
490 1847 668 1930 constituit,
692 1867 750 1910 nec
771 1846 950 1910 mercedem
970 1847 1077 1931 operis

63 1937 178 2000 infelix
200 1940 339 2002 structor
358 1937 485 2020 accipit.
512 1936 579 2000 illic
595 1936 753 2001 Vulcanus
769 1935 856 2000 louis
875 1934 998 2000 fulmen
1017 1937 1076 2001 sub
1097 1954 1113 2002 s

24 2044 51 2084 ro
64 2024 191 2089 Aetnae
216 2026 318 2089 antris
338 2026 372 2088 in
389 2025 503 2090 incude
522 2025 711 2109 fabricatur,
733 2047 806 2089 oum
825 2023 950 2088 caelum
969 2028 1002 2089 et
1019 2026 1078 2089 ful-

62 2115 151 2178 mina
176 2116 208 2176 et
231 2113 361 2199 fulgura
384 2116 481 2197 longe
505 2117 580 2178 ante
604 2113 733 2198 fuerint,
757 2135 853 2197 quam
877 2113 1024 2197 luppiter
1044 2115 1078 2177 in

62 2200 159 2267 Creta
178 2206 372 2285 nasceretur,
392 2206 424 2266 et
442 2203 590 2265 flammas
609 2203 678 2266 ueri
697 2202 844 2266 fulminis
861 2223 920 2264 nec
935 2199 1077 2284 Cyclops

61 2290 206 2374 potuerit
237 2289 359 2353 imitari
388 2311 447 2353 nec
477 2291 548 2372 ipse
576 2290 722 2372 luppiter
749 2312 816 2355 non
844 2290 958 2353 uereri.
1000 2289 1111 2373 quid?

134 2488 147 2534 1
160 2479 287 2552 Oetacis]
302 2479 417 2534 henneis
426 2485 446 2532 P
456 2479 490 2551 lis
505 2479 571 2548 ipsis
584 2479 721 2546 erudiise,
736 2495 805 2535 corr.
816 2480 958 2555 Meursius
967 2480 975 2551 {j
986 2486 1001 2534 ὁ
1011 2480 1075 2549 ipsa

62 2569 112 2606 sua
122 2553 263 2607 Heruldus
276 2553 286 2621 l
300 2559 325 2620 7,
337 2558 353 2606 8
367 2551 396 2605 in
411 2567 538 2605 sermone
550 2552 680 2620 qlossemu
694 2552 819 2605 uidetur:
833 2556 883 2605 aut
897 2568 981 2618 quam
994 2551 1074 2606 insti-

60 2624 160 2678 tuebat
187 2629 237 2677 aut
260 2641 343 2692 qnam
367 2621 395 2676 in
419 2622 531 2692 dialogo
555 2623 624 2688 (siue
646 2622 765 2689 ratione)
789 2621 913 2676 instituit
936 2627 1044 2690 expecto
1065 2623 1074 2694 ll

61 2702 77 2750 9
96 2695 124 2747 in
143 2695 251 2749 seclusit
270 2694 402 2749 Usenerus
422 2696 471 2760 (un
488 2691 633 2747 inmiscuit
650 2694 677 2747 h.
693 2712 714 2746 r.
730 2709 753 2746 e.
769 2710 807 2759 a,
826 2692 872 2747 hic
886 2691 912 2760 ?)
927 2695 936 2764 ΙΙ
952 2698 983 2746 11
999 2693 1072 2746 Mar-

59 2767 119 2820 tem
144 2767 176 2820 ed
201 2783 259 2834 pn:
283 2768 401 2819 matrem
421 2771 441 2817 P
463 2768 472 2832 {l
497 2769 530 2817 14
548 2763 657 2818 fleuisse
676 2764 818 2818 Gelenius:
841 2763 958 2818 fleuitP
982 2767 986 2831 Ι
1011 2764 1073 2819 loro

60 2836 216 2891 Heraldue:
234 2835 316 2891 thoro
333 2842 353 2887 P
372 2838 381 2905 u
404 2841 435 2889 16
456 2835 536 2906 alibi]
555 2852 622 2889 num
640 2833 730 2905 Augei
750 2837 828 2904 (quoe
846 2835 936 2901 formu
955 2841 993 2889 est
1015 2837 1072 2890 usi-

59 2905 175 2976 tat-ion?
200 2912 267 2962 certe
289 2908 389 2960 mirum
412 2911 449 2960 est
471 2907 508 2961 nd
531 2923 621 2970 unuin
640 2907 688 2960 boc
711 2905 841 2959 Herculis
865 2907 1014 2973 exeniplum
1037 2908 1072 2960 ab

58 2978 180 3033 Homero
203 2979 323 3032 alienum
346 2978 497 3045 praemisso
520 2976 588 3031 alibi
612 2978 729 3046 adiunqi
752 2978 810 3030 aliu
834 2978 910 3046 apud
932 2978 1005 3031 bunc
1026 2994 1071 3031 en-

59 3050 166 3105 tontiu:
184 3050 295 3103 uidetur
313 3050 393 3103 doctu
411 3049 517 3102 lectoris
535 3049 645 3117 antiqui
663 3049 807 3102 adnotatio
825 3063 879 3102 esse
897 3053 922 3102 et
939 3049 1074 3116 depulisse

58 3125 164 3188 receptu
197 3121 227 3173 id
258 3120 330 3189 quod
356 3118 488 3187 Admetus
519 3124 544 3173 et
570 3118 728 3173 Laomedon
759 3124 894 3188 sequentes
929 3121 1073 3189 requirunt

59 3191 184 3261 (Augeae
204 3196 267 3244 unte
286 3189 376 3260 egerit
394 3190 491 3244 inserit
510 3190 537 3242 Ι.
558 3190 585 3243 Ι,
607 3188 820 3258 Cornelisscnus)
841 3191 855 3258 ΙΙ·
876 3196 907 3244 18
927 3189 1073 3246 constituit

58 3263 171 3330 scripsi.-
194 3261 317 3315 instituit
339 3266 359 3313 P
381 3260 494 3314 instruit
516 3260 705 3330 Heusinqerus
726 3261 736 3329 ΙΙ
761 3266 792 3314 19
818 3263 928 3330 accepit
945 3266 977 3328 P,
1003 3277 1071 3316 corr.

59 3333 208 3402 Gelenius}
232 3331 371 3387 Vulcanus
390 3333 500 3387 addidit
524 3331 655 3400 Ursinu85
672 3332 729 3386 nisi
746 3332 816 3398 forte
833 3333 883 3386 sub
902 3331 960 3385 illic
980 3333 1045 3385 lutet
1066 3330 1069 3401 l

58 3405 110 3458 sub
125 3403 233 3458 Aetnae
252 3404 340 3457 antris
358 3405 470 3472 scripsi:
489 3419 551 3456 cum
569 3419 672 3457 aeneae
687 3401 771 3456 armis
785 3407 805 3454 P
819 3419 852 3458 en
866 3404 1024 3471 importuna
1040 3403 1072 3455 li-

57 3475 148 3531 brarii
163 3477 371 3600 lrepedatione,
398 3491 459 3529 eum
482 3476 515 3529 de
538 3490 594 3528 uno
613 3474 682 3529 Ioue
706 3479 807 3543 uqatur
825 3476 857 3528 in
874 3472 1045 3542 sequentibus
1063 3472 1072 3542 ll

58 3553 92 3601 22
112 3562 192 3616 oyco
213 3562 225 3598 s
244 3551 271 3600 P.

875 3629 913 3684 3*
