2430 3938
100 203 177 258 XXX
404 201 575 290 EDITORIS
594 200 809 257 PRAEFATIO.

100 348 225 412 maniae
253 346 327 412 ‘das
356 347 556 431 Alterthum,
589 346 726 411 welches
757 348 793 410 in
826 347 937 411 seinen
963 346 1111 412 Dichter·

103 435 342 522 erzaehlungen
361 435 429 499 siah
449 435 543 519 gefiel
563 435 648 515 oder,
671 435 783 499 besser
802 439 926 520 gesagt‚
951 436 1112 521 befangen

99 524 192 607 war’3
221 525 350 607 saepius
373 523 420 588 sio
443 521 518 587 ‘uel'
541 544 601 606 pro
626 522 688 587 ‘uel
715 523 835 606 potius'
859 522 1012 611 ponitur).
1054 525 1112 590 sed

101 634 182 696 quaa
210 615 261 677 est
286 612 383 676 huius
411 611 532 694 dialogi
560 612 723 694 corruptio
747 612 902 696 inmanis,
929 634 988 677 neo
1011 615 1112 679 uerba

102 702 270 784 sequentia
292 701 421 784 integra
449 702 525 763 eunt
549 721 567 762 a
590 699 673 763 labe.
713 721 789 763 nam
812 700 908 763 fidem
932 701 989 785 qni
1011 701 1113 766 habet

100 789 220 861 fabulis
239 788 305 852 illis
321 788 466 871 poeticis,
485 788 513 851 is
529 808 592 870 quo
607 787 676 851 iure
691 809 795 871 quoue
812 790 958 871 exemplo
974 788 1110 856 ‘mutuo'

100 899 173 940 oum
196 877 242 941 eis
266 876 447 941 consentire
470 875 582 940 audit?
605 879 692 940 reete
716 896 763 939 ex.
782 896 830 961 gr.
849 898 874 940 e.
892 877 945 960 24,
964 878 985 941 5
1007 879 1111 960 tyrsum

99 966 272 1030 errantium
295 965 416 1030 turbam
434 969 544 1028 matta
561 963 621 1028 sibi
637 966 817 1045 pomorania
834 969 1003 1046 praestare.
1036 988 1111 1031 oum

100 1055 209 1117 autem
232 1057 308 1136 post
329 1053 409 1117 illud
428 1051 534 1116 ‘unius
554 1050 617 1116 dei'
636 1073 675 1116 ex
693 1073 728 1116 re
752 1053 796 1117 sit
817 1053 887 1117 fieri
911 1055 1109 1119 mentionem

99 1141 308 1224 polytheismi
337 1146 370 1204 et
396 1161 522 1205 errores
555 1140 623 1205 siue
651 1139 753 1205 falsae
782 1141 820 1204 de
849 1141 910 1206 diis
940 1143 1110 1224 opiniones

16 1227 17 1231 ’
100 1232 212 1312 utpote
240 1251 279 1293 ex
305 1232 475 1312 poetarum
508 1228 683 1292 mendaciis
716 1229 912 1311 profluentes
947 1239 1022 1315 apte
1055 1231 1110 1295 ad·

100 1317 277 1401 iungantur
300 1315 354 1402 (cf.
375 1317 471 1399 ore,
493 1318 510 1381 1
535 1316 592 1381 leae
614 1316 740 1396 fabulas
763 1323 792 1382 et
812 1338 941 1402 errores,
970 1319 1026 1383 ubi
1049 1317 1109 1383 ‘er-

99 1404 200 1470 rores'
227 1406 286 1486 §8
314 1428 372 1490 per
395 1403 590 1488 ‘opiniones'
614 1405 843 1490 explicantur),
870 1407 1028 1490 temptaui
1056 1407 1111 1473 ‘ad

100 1514 244 1558 errorum
273 1494 312 1557 de
345 1494 456 1557 multis
485 1494 545 1557 diis
577 1514 691 1575 rapere
719 1495 932 1575 eonsensum',
960 1495 1111 1560 lubenter

99 1581 219 1646 leuiore
243 1582 370 1646 medela
394 1581 527 1645 meliora
548 1582 732 1646 restituenti
756 1604 888 1647 manum
912 1584 1055 1648 daturne.

165 1691 191 1735 o.
211 1671 265 1753 20,
281 1671 304 1734 4
326 1671 401 1749 quid
421 1670 495 1734 illos
513 1670 612 1735 aniles
632 1670 765 1751 fabulas,
788 1673 825 1736 de
843 1671 1018 1738 hominnm
1035 1693 1111 1738 artes

99 1764 126 1823 et
149 1759 247 1839 feros,
270 1759 407 1824 homines
429 1765 458 1824 et
478 1760 514 1823 de
535 1758 717 1843 inminibus,
740 1759 863 1825 arbores
884 1765 975 1842 atque
996 1761 1111 1842 flores?

100 1868 232 1929 operam
250 1848 419 1931 oleumque
437 1847 645 1931 perdiderunt
660 1847 715 1930 qui
734 1848 951 1918 emaculandis
971 1850 1109 1933 singulis

98 1936 207 1999 uerbis
235 1935 436 2000 studuerunt.
477 1936 578 1999 ueluti
610 1935 639 1998 si
670 1935 816 2000 scribunt
844 1935 894 2000 ‘de
922 1937 1108 2002 hominibus

99 2044 175 2087 aues
194 2023 331 2088 etseras
351 2045 463 2089 omnes
484 2022 712 2107 [‘omnigenas'
733 2023 844 2088 eodem
865 2025 988 2090 scilieet
1011 2047 1109 2090 sensu

99 2111 156 2175 alii
184 2112 354 2193 inutiliter]
380 2111 474 2177 etde
497 2111 681 2176 hominibus
710 2112 842 2177 arbores
872 2118 969 2197 atque
991 2113 1109 2196 flores',

98 2221 164 2263 non
196 2201 300 2264 solum
332 2201 497 2265 notionem
529 2200 745 2264 neeessariam
778 2201 883 2284 qualis
914 2206 964 2266 est
992 2200 1107 2267 ‘factos

99 2287 179 2353 esse'
209 2286 320 2373 (quam
349 2289 406 2353 alii
433 2293 466 2353 et
492 2291 598 2372 ipsam
626 2311 665 2354 ex
693 2289 879 2354 coniectura
910 2289 1106 2376 intulerunt)

99 2378 245 2461 omisere,
269 2377 325 2442 sed
348 2378 446 2441 etiam
469 2378 627 2460 reliquere
649 2377 745 2461 plane
769 2379 910 2442 otiosum
933 2377 983 2443 ‘de
1007 2378 1108 2442 homi-

97 2464 219 2549 nibus'3
251 2487 328 2529 nam
356 2470 413 2530 aut
441 2487 479 2530 ex
506 2488 568 2530 usu
600 2466 748 2531 sollemni
777 2466 864 2530 ‘aues
894 2469 927 2530 et
953 2467 1039 2531 feras
1069 2467 1107 2530 de

96 2554 282 2618 hominibus
306 2557 339 2618 et
362 2553 399 2617 de
422 2554 608 2619 hominibus
637 2555 769 2618 arbores
797 2558 894 2638 atque
919 2553 1028 2620 flores'
1052 2559 1109 2619 aut

98 2643 261 2706 communi
289 2643 422 2707 notione
445 2643 479 2706 in
499 2643 595 2707 initio
617 2643 726 2726 posita
750 2642 800 2706 ‘de
824 2642 1011 2708 hominibus
1031 2665 1108 2708 aues

97 2734 130 2794 et
152 2731 249 2815 feras,
272 2732 403 2795 arbores
427 2736 524 2814 atque
548 2731 642 2795 flores
666 2729 786 2814 (factos
810 2730 906 2818 esee)'
929 2731 1109 2796 Minucium

98 2819 294 2902 scripturum
321 2819 436 2901 fuisse,
467 2819 573 2884 sciunt
601 2819 656 2904 qui
684 2839 758 2883 eum
785 2824 1012 2904 pernouerunt.
1054 2821 1108 2884 ad-

98 2907 291 2990 stipulamur
313 2907 414 2992 igitur
433 2908 527 2972 docto
548 2929 723 2990 anonymo,
745 2910 800 2992 qui
823 2910 925 2974 uerba
948 2908 1109 2974 ‘homines

97 2999 130 3059 et
157 2996 196 3060 de
223 2995 423 3061 hominibus'
451 3000 489 3059 ut
519 2996 663 3061 insiticia
695 2996 827 3061 deleuit:
866 3000 942 3061 sunt
975 2997 1108 3062 lectoris

96 3084 184 3148 illius
212 3084 352 3167 antiqui,
383 3084 474 3149 ouius
503 3106 599 3168 saepe
625 3085 660 3150 iu
686 3084 749 3151 hoe
777 3085 906 3169 dialogo
935 3090 1108 3149 oeourrunt

97 3171 323 3238 adnotationes
356 3173 550 3258 marginales
584 3175 669 3238 male
695 3174 730 3237 in
757 3176 882 3238 textum
914 3178 1029 3256 postea
1061 3195 1109 3238 re-

96 3264 221 3345 ceptae,
253 3260 348 3325 docta
380 3261 536 3345 epierisis,
568 3261 803 3327 reminiscentis
836 3263 959 3327 seilicet
987 3284 1034 3327 ex.
1058 3282 1106 3347 gr.

97 3349 240 3413 Tiresiae
263 3348 408 3414 fabulam
436 3353 531 3434 atque
555 3352 594 3415 de
620 3373 713 3415 sexus
741 3352 920 3416 mutatione
943 3350 1106 3414 interdum

95 3437 183 3502 faeta
206 3439 378 3504 monentis.
419 3439 530 3504 eodem
554 3444 663 3504 autem
687 3439 791 3522 modo,
819 3460 882 3522 quo
906 3441 940 3503 in
964 3461 989 3502 o.
1011 3440 1062 3516 18,
1086 3440 1106 3503 8

96 3526 203 3591 uerbis
226 3547 280 3592 meo
301 3527 520 3612 comprehendi,
543 3533 626 3595 tuoto
642 3528 755 3610 patriar
772 3532 817 3592 est
833 3529 898 3592 tria
916 3528 1033 3591 ultima
1051 3547 1108 3591 uo-
