2430 3938
501 183 689 239 OCTAVIUS.
709 199 732 238 c.
755 189 795 238 11.
1108 182 1152 248 23

140 328 352 414 distinguitur
370 328 424 392 uel
443 326 529 412 quod
546 329 582 392 in
601 328 687 391 diem
706 327 774 393 sole
793 328 964 392 lustratur:
983 328 1049 393 iam
1069 329 1152 394 scies

141 440 238 504 quam
270 417 313 481 sit
339 416 374 479 in
401 438 438 480 1ο
468 417 586 481 summi
618 416 830 481 moderatoris
864 415 947 480 mira
979 419 1011 480 et
1044 417 1153 483 diuina

140 506 281 572 libratio.
326 503 400 569 uide
427 508 461 569 et
489 527 610 570 annum
637 508 674 569 ut
702 505 781 570 solis
810 504 951 569 ambitus
979 505 1091 590 faciat,
1121 510 1154 571 et

141 616 286 660 mensem
315 592 387 659 uide
410 597 447 657 ut
469 593 546 658 luna
574 596 670 658 auctu
697 593 786 657 senio
810 593 922 657 labore
946 594 1152 680 circumagat.

112 683 219 769 aquid
247 683 452 747 tenebrarum
475 687 509 746 11
531 681 662 746 luminis
691 681 796 746 dicam
823 686 1026 747 recursantes
1055 684 1188 767 uices,6

140 776 177 836 ut
200 772 245 836 sit
265 771 361 835 nobis
385 770 490 854 operis
515 774 547 835 11
566 770 681 855 quietis
701 771 828 835 alterna
846 771 1032 854 reparatio?
1057 773 1153 837 relin-

140 860 266 945 quenda
285 881 361 923 uero
381 858 556 943 astrologis
575 859 732 943 prolixior
750 858 790 924 de
809 859 967 924 sideribus
986 861 1079 944 ratic,
1101 862 1174 945 uel⁸

141 948 228 1032 quod
251 952 369 1032 regant
387 969 516 1012 cursum
535 947 714 1033 nauigandi
728 948 781 1012 uel
795 947 880 1032 quod
900 949 1014 1013 arandi
1032 953 1153 1014 meten·

142 1036 238 1121 dique
269 1039 396 1120 tempus
429 1035 583 1101 indicant.
629 1057 710 1119 quae
738 1037 868 1120 singula
897 1059 965 1101 non
992 1038 1088 1102 modo
1116 1042 1154 1103 ut

100 1143 127 1183 ro
141 1127 328 1190 crearentur
345 1125 461 1188 fierent
479 1125 736 1209 disponerentur,
756 1124 873 1188 summi
888 1125 1012 1207 opificis
1032 1130 1064 1191 11
1081 1148 1152 1210 per-

140 1213 244 1278 fectae
267 1213 403 1278 rationis
427 1217 592 1297 eguerunt,
616 1234 728 1278 uerum
753 1214 850 1278 etiam
875 1214 990 1278 sentiri
1012 1216 1153 1299 perspici

139 1302 288 1387 intellegi
311 1302 380 1366 sine
404 1323 531 1367 summa
554 1302 699 1366 sollertia
719 1306 752 1365 et
774 1302 899 1367 ratione
919 1324 986 1367 non
1004 1307 1151 1387 possunt.

140 1391 228 1474 quid,
250 1412 324 1455 cum
343 1390 421 1456 ordo
441 1394 625 1474 temporum
644 1412 680 1455 ac
704 1391 833 1475 frugum
857 1391 969 1455 stabili
992 1391 1188 1456 uarietates

141 1478 362 1564 distinguitur,
380 1500 489 1542 nonne
509 1484 674 1544 auctorem
694 1501 788 1544 suum
805 1483 1036 1563 parentemque
1055 1483 1153 1544 testa·

98 1583 126 1626 rs
140 1569 195 1631 111
222 1589 279 1631 111
307 1587 408 1651 aeque
436 1588 510 1631 cum
538 1568 605 1631 suis
633 1567 767 1631 floribus
796 1571 829 1631 et
857 1569 963 1631 aestas
987 1589 1060 1632 cunr
1085 1570 1152 1634 suis

139 1655 301 1719 messibus
321 1658 354 1719 et
372 1656 517 1718 autumni
537 1655 710 1720 maturitas
726 1659 820 1737 grata
834 1659 866 1719 et
879 1655 1008 1720 hiberni
1022 1656 1152 1722 oliuitas

139 1741 345 1808 necessaria?
377 1743 432 1826 qui
461 1743 538 1809 ordo
566 1744 660 1808 facile
690 1744 888 1827 turbaretur,
920 1743 984 1807 nisi
1011 1746 1153 1811 maxima

140 1832 267 1897 ratione
309 1833 509 1897 consisteret.
561 1832 626 1897 iam
661 1831 885 1916 prouidentiae
922 1837 1075 1918 quantae,
1111 1851 1189 1900 118

140 1920 267 2003 hiemps
291 1921 360 1985 sola
383 1921 487 2005 glacie
511 1921 641 1986 duraret
664 1925 721 1986 aut
740 1922 810 1986 sola
829 1925 936 1986 aestas
956 1921 1069 1986 ardore
1088 1926 1154 1988 tor-

97 2012 234 2093 1111111,
258 2011 406 2075 autumni
429 2014 461 2074 et
484 2011 569 2075 ueris
592 2012 733 2076 inserere
757 2011 898 2076 medium
918 2016 1152 2095 temperamen-

140 2103 224 2179 tum,
251 2101 288 2162 ut
314 2120 372 2181 per
399 2099 541 2185 uestigia
570 2121 629 2165 sua
658 2100 734 2164 anni
761 2100 953 2164 reuertentis
978 2101 1097 2164 occulti
1121 2105 1154 2164 et

139 2185 266 2249 innoxii
298 2187 456 2251 transitus
488 2188 684 2253 laberentur.
731 2187 884 2273 quicquid
917 2188 1069 2251 arborum
1103 2192 1187 2256 ests

139 2273 213 2339 uide
237 2296 332 2357 quam
356 2295 373 2338 1
397 2279 503 2338 111111
527 2276 703 2340 uisceribus
727 2277 896 2340 animatur.
933 2274 1006 2338 uide
1030 2275 1152 2341 fontes:

140 2367 274 2428 manant
293 2364 385 2427 uenis
405 2363 615 2446 perennibus3
633 2364 749 2427 fluuios
768 2364 909 2427 intuere:
929 2366 1007 2427 eunt
1027 2385 1153 2448 semper

96 2469 125 2511 so
140 2452 289 2517 exercitis
308 2451 467 2536 lapsibus3
487 2451 568 2516 mari
587 2451 731 2516 intende:
750 2452 822 2535 lege
841 2451 946 2516 litoris
966 2451 1151 2538 stringitur,
1173 2471 1207 2520 10

139 2541 247 2623 aspice
262 2561 431 2604 oceanum:
450 2539 557 2605 refluit
571 2540 743 2623 reciprocis
762 2541 915 2605 aestibus.
942 2539 1018 2623 quid
1037 2541 1154 2625 loquar

210 2685 227 2732 1
250 2679 359 2751 111111]
382 2684 453 2746 puto
475 2678 505 2732 in
528 2679 595 2734 orbe
615 2682 625 2749 11
649 2685 663 2734 7
688 2679 837 2749 astrologis
860 2696 895 2734 m.
915 2685 931 2732 1
950 2695 984 2734 ear
1002 2681 1152 2752 astrologis

139 2766 208 2806 corr.
227 2756 247 2802 P
263 2753 267 2817 Ι
283 2750 355 2805 ratio
374 2750 534 2806 Hartelius:
554 2751 643 2806 oratio
662 2755 682 2802 P
704 2753 714 2821 ΙΙ
737 2756 752 2805 9
772 2751 897 2805 indicant
917 2750 952 2803 P.
971 2749 1089 2807 Daniel.-
1112 2753 1152 2806 in-

138 2821 243 2874 ducant
262 2827 282 2873 P
300 2823 309 2890 ΙΙ
334 2826 366 2874 11
390 2820 526 2890 perspicis
549 2824 574 2891 (s
597 2823 645 2876 ult.
669 2823 759 2890 erasa)
778 2826 798 2873 P
816 2825 826 2890 l}
845 2826 878 2875 13
902 2821 947 2891 11]
968 2822 1022 2876 hac
1040 2823 1080 2879 ed.
1095 2839 1152 2892 pa,

138 2892 208 2947 delet
226 2890 357 2947 Usencras
371 2892 381 2960 ΙΙ
396 2897 429 2945 16
448 2890 566 2946 hiberna
579 2898 608 2959 P,
627 2895 733 2949 correxi
749 2894 808 2947 coll.
823 2908 844 2946 c.
860 2896 903 2959 34,
919 2897 952 2945 11
966 2893 976 2960 ΙΙ
991 2898 1024 2947 19
1040 2893 1153 2950 duraret

137 2964 251 3030 scripsi:
261 2963 381 3017 ureretP
391 2962 869 3035 113111111111111119111122-21
880 2963 1015 3018 transitus
1025 2962 1152 3020 laberen-

137 3035 185 3088 tur
204 3036 282 3102 (11.2
300 3049 334 3088 ex
352 3033 617 3104 haeresiarcam).
636 3034 707 3088 mari
721 3034 836 3089 intende
851 3065 884 3074 -
900 3034 1054 3105 stringitur.
1075 3036 1152 3105 quic·

139 3103 208 3172 quid
226 3103 357 3158 arborum
377 3136 410 3143 —
430 3104 578 3159 animatur.
611 3105 706 3174 aspice
726 3121 862 3160 oceanum
876 3135 910 3145 -
925 3105 1057 3161 aestibus.
1086 3107 1152 3161 uide

137 3175 231 3229 fontes
251 3206 283 3214 -
304 3174 479 3244 perennibus.
507 3174 607 3231 fluuios
627 3206 660 3216 -
680 3174 805 3245 lapsibus
823 3180 843 3227 P
862 3177 950 3231 turbis
968 3193 1006 3244 eo,
1025 3183 1057 3231 ut
1074 3182 1151 3246 puto,

138 3247 213 3301 aare
236 3246 309 3314 quod
331 3247 416 3301 uerba
435 3244 505 3300 mari
522 3245 637 3300 intende
657 3277 691 3287 -
711 3247 865 3316 stringitur.
901 3247 996 3316 aspice
1016 3263 1150 3302 oceanum

139 3346 173 3355 -
193 3317 316 3370 aestibus
335 3317 480 3371 aberrante
498 3317 614 3372 librario
633 3334 651 3371 a
670 3316 795 3386 lapsibus
813 3319 851 3373 ad
869 3317 993 3373 aestibus
1012 3320 1151 3374 emissust

138 3387 465 3514 abstulitattulit
487 3388 518 3442 Μ
534 3389 769 3528 11111111
769 3390 1151 3531 uitiiset-tuus

138 3528 218 3583 habet
238 3529 382 3599 Muluius).
