2430 3938
315 990 364 1062 u.
391 987 601 1066 uruuou
626 988 829 1064 runicis

373 1144 781 1246 OCTAVIUS.

138 1464 307 1548 Cogitanti
330 1463 411 1527 mihi
434 1468 467 1528 et
490 1486 562 1528 cum
586 1464 695 1527 animo
719 1485 791 1527 meo
810 1461 928 1527 Octaui
950 1462 1028 1527 boni
1052 1465 1122 1532 etl

69 1552 250 1615 fidelissimi
285 1552 526 1616 contubernalis
559 1552 749 1616 memoriam
781 1551 963 1615 recensenti
992 1555 1085 1614 tant-a

42 1640 205 1704 odulcedo
231 1644 263 1703 et
287 1639 426 1704 adfectio
450 1640 591 1723 hominis
614 1639 766 1724 inhaesit,
789 1644 825 1702 ut
843 1637 913 1723 ipse
933 1640 1084 1723 quodem·

71 1729 167 1794 modo
197 1727 278 1792 mihi
305 1728 433 1793 uiderer
460 1730 494 1792 in
517 1729 695 1812 praeterite
716 1728 829 1810 redire,
852 1750 918 1792 non
942 1750 980 1792 ea
1004 1751 1085 1812 quae

70 1818 137 1881 iam
153 1820 331 1901 transacta
359 1822 391 1881 et
419 1817 554 1881 decurso
578 1820 655 1881 sunt
676 1817 899 1882 recordatione
921 1839 1086 1883 reuocare:

71 1907 118 1970 ite
150 1907 218 1970 eius
251 1906 486 1990 contemplatio
517 1907 674 1990 quantum
702 1903 870 1971 subtracto
898 1911 947 1970 est
975 1906 1120 1990 oculis,2

70 1997 200 2059 tentum
227 1995 351 2079 pectori
379 2017 451 2059 meo
481 2017 518 2059 ec
545 2016 647 2078 paene
670 1995 795 2059 intimis
819 1995 966 2059 sensibus
990 1996 1084 2078 inpli-

30 2102 56 2141 ιο
71 2088 145 2148 cata
164 2086 222 2146 est.
254 2105 312 2148 nec
331 2083 483 2148 inmerito
504 2083 670 2148 discedens
689 2084 739 2148 uir
758 2083 892 2166 eximius
907 2089 940 2147 et
954 2088 1084 2148 sanctus
1104 2107 1120 2154 3
1180 2109 1199 2136 -·

71 2172 253 2235 inmensum
282 2171 332 2235 sui
360 2172 555 2236 desiderium
583 2171 677 2235 nobis
704 2164 848 2255 reliquit,
876 2175 988 2254 utpote
1013 2192 1085 2234 cum
1165 2165 1175 2187 ²

71 2263 105 2324 et
127 2257 197 2342 ipse
220 2262 314 2323 tanto
332 2260 438 2323 nostri
458 2273 584 2342 semper
602 2281 711 2323 amore
730 2259 928 2343 flagrauerit,
947 2264 983 2322 ut
1001 2262 1034 2322 et
1052 2260 1085 2322 in

70 2347 203 2413 ludicris
227 2351 260 2412 et
283 2349 318 2412 ic
341 2348 433 2411 seriis
457 2348 528 2432 pari
552 2369 676 2411 mecum
699 2348 870 2430 uoluptate
892 2347 1085 2430 concineret,

71 2437 183 2501 eadem
207 2437 291 2500 uelle
315 2436 368 2501 uel
390 2437 492 2501 nolle:
516 2436 660 2500 crederes
679 2458 777 2500 unam
797 2438 940 2501 mentem
959 2436 1084 2501 duobus

30 2544 56 2585 15
70 2525 170 2591 fuisse
199 2525 346 2591 diuisam.
388 2525 434 2589 sic
463 2525 552 2589 solus
580 2525 615 2588 in
638 2525 802 2589 amoribus
827 2525 988 2603 conscius,
1015 2524 1121 2607 ipse4

71 2615 177 2679 socius
200 2615 234 2679 in
257 2612 435 2700 erroribus3
459 2618 491 2679 ct
515 2636 589 2678 cum
613 2612 757 2678 discusse
780 2614 918 2698 caligine
941 2612 980 2676 de
999 2616 1085 2677 tene-

71 2704 202 2768 brarum
239 2701 399 2787 profundo
435 2703 472 2767 in
509 2703 614 2767 lucem
652 2702 830 2786 sapientiae
867 2706 900 2766 et
936 2701 1085 2766 ueritatis

70 2811 280 2875 emergerem,
304 2812 371 2856 non
393 2792 520 2875 respuit
542 2792 708 2875 comitem,
737 2792 806 2874 scd,
835 2777 920 2874 quod
944 2794 994 2854 est
1017 2791 1084 2874 glo·

144 2988 159 3036 1
178 2981 295 3037 Arnobii
314 2981 386 3037 liber
404 2981 456 3037 VII
476 2981 592 3050 explicit
610 2981 710 3052 incipit
730 2981 802 3036 liber
820 2981 886 3036 VIII
904 2980 1025 3036 feliciter
1043 2981 1086 3053 Pil

70 3061 88 3109 4
106 3052 264 3108 recensenti
278 3059 298 3106 P
312 3055 420 3123 partim
438 3055 469 3108 in
488 3054 576 3108 litura
589 3055 598 3124 11
612 3058 629 3107 ὅ
643 3053 747 3107 inhesit
760 3058 780 3105 P
794 3053 803 3122 l
818 3059 833 3107 9
848 3069 920 3122 pene
933 3058 953 3105 P
967 3053 976 3122 ll
991 3057 1024 3106 10
1040 3053 1085 3106 de·

71 3125 173 3180 cedens
188 3124 342 3190 Dacicus
358 3125 406 3179 sed
424 3124 491 3179 disc.
511 3142 529 3178 a
543 3125 644 3192 nebien
659 3130 691 3178 13
710 3123 740 3178 in
759 3125 870 3179 addidit
884 3122 1082 3192 Heumauuusl

70 3195 218 3264 uoluptate
227 3197 340 3266 corusci:
355 3195 502 3250 uoluntate
513 3197 631 3250 Pnimia
641 3195 794 3264 tautolopia
807 3213 868 3251 cum
882 3196 973 3250 uerbis
988 3193 1085 3248 ecdem

70 3265 145 3321 uelle
160 3267 207 3320 uel
220 3267 306 3332 nolle,
324 3283 393 3336 qliae
406 3266 568 3336 Woplrensio
583 3266 682 3335 spuria
696 3271 761 3321 scut
775 3267 840 3321 uisa
855 3268 900 3334 (cf.
914 3282 1001 3333 supra
1015 3281 1046 3335 p.
1061 3263 1087 3316 V

70 3339 147 3407 uota)
171 3339 181 3406 l
202 3342 236 3390 14
255 3338 363 3393 duobus
382 3337 545 3393 Fietitzius:
568 3338 599 3391 in
618 3336 727 3392 duobus
746 3342 766 3389 P
785 3337 815 3390 in
834 3337 902 3391 duos
926 3335 1059 3390 Usenerus
1075 3333 1085 3406 ll

73 3414 106 3462 lo
125 3408 194 3478 ipsis
217 3407 343 3477 Oreitius,
361 3411 408 3464 sed
427 3410 461 3473 cf.
481 3410 561 3475 iufra
580 3409 618 3463 ad
636 3425 657 3462 c.
677 3415 720 3478 34,
740 3415 758 3463 4
780 3409 790 3478 ΙΙ
814 3413 846 3461 18
866 3408 959 3462 mutim
977 3405 1086 3471 renuit;

71 3480 106 3546 cf.
126 3494 214 3548 supra
230 3497 258 3550 p.
278 3479 330 3533 XV
346 3482 351 3549 Ι
366 3481 473 3550 glorius
492 3486 520 3549 P,
540 3497 609 3535 corr.
629 3497 663 3533 m.
682 3484 711 3535 2.

125 3577 247 3618 Minucius
262 3579 355 3631 Fuurx,
369 3580 404 3619 ed.
418 3579 572 3620 Baehrens.
858 3573 872 3620 1
