2430 3938
410 197 582 254 EDITORIS
600 196 818 256 PRAEFATIO.
1072 197 1123 254 vu

108 347 188 412 haec
215 350 244 410 et
268 349 305 410 11
326 343 462 409 Parthos
488 344 579 427 11911
603 348 788 428 repetamus,
816 344 960 408 dirarum
981 345 1122 426 inpreca-

108 437 204 500 ta'oaes
227 431 360 500 (1111111
386 438 416 498 11
440 434 554 497 meruit
574 437 604 497 et
625 434 741 498 inrisit.
785 432 820 497 in
844 432 961 517 quibus
985 434 1122 498 uerbum

109 524 237 609 quidem
265 522 431 606 repetendi
454 522 577 606 poetice
601 524 824 586 constructum
847 524 981 585 excusat
1003 523 1122 605 poetici

107 611 248 696 exempli
272 611 381 696 [Verg.
406 610 485 675 Aen.
509 608 575 674 VII
597 610 676 690 606]
705 609 861 693 imitatio,
889 610 944 674 sed
971 610 1052 675 illud
1075 631 1122 675 re-

101 706 246 785 petamus
273 699 353 764 adeo
381 699 566 783 perhorruit
588 697 738 763 Halmius
767 704 804 762 ut
829 697 864 762 in
892 701 1016 763 textum
1044 700 1122 764 reci·

108 794 200 873 peret
222 795 421 870 repeteremus
444 786 622 851 mutatione
643 787 750 852 hercle
768 810 834 852 non
852 787 925 852 leni.
963 809 1039 851 nam
1059 789 1122 853 etsi

109 877 253 942 omnium
280 877 332 941 uel
356 876 616 957 foedissimarum
639 877 894 960 corruptelarum
913 877 1006 960 quasi
1025 898 1122 960 quen·

109 966 184 1030 dam
203 966 393 1030 thesaurum
412 965 481 1029 iure
499 965 605 1049 possis
624 986 741 1029 uocare
755 965 850 1030 huius
870 965 974 1029 libelli
988 969 1122 1052 textum,

109 1057 220 1118 tamen
243 1057 501 1137 permutatorum
524 1053 586 1117 hoc
610 1052 705 1118 modo
725 1058 907 1137 temporum
926 1076 992 1118 non
1011 1054 1121 1139 depre-

109 1142 207 1207 hendi
226 1143 416 1226 exemplum.
452 1142 527 1225 quid
546 1163 633 1224 uero,
653 1142 807 1207 siuerbis
826 1149 862 1206 at
880 1143 1014 1208 Parthos
1031 1145 1123 1225 11911

107 1235 280 1312 repetamus
306 1252 372 1295 non
400 1231 506 1296 solum
535 1230 576 1294 ad
603 1253 719 1295 aeuum
746 1231 958 1314 praeteritum
980 1233 1123 1314 respexit

110 1316 278 1403 Caeciliae,
301 1320 357 1384 sed
380 1320 563 1405 neglectam
583 1341 602 1383 a
620 1317 739 1384 Crasso
759 1319 949 1405 religionem
969 1321 1068 1384 etiam
1087 1320 1122 1384 in

108 1409 324 1493 praesentiam
338 1409 448 1473 ualere
463 1408 682 1492 significauit?
705 1430 781 1473 nam
796 1409 881 1492 quod
896 1431 963 1473 non
977 1409 1012 1472 in
1026 1430 1121 1473 omne

107 1500 235 1580 tempus
265 1498 391 1562 contusi
414 1498 480 1561 sint
503 1496 630 1580 Parthi,
658 1497 712 1562 sed
736 1501 850 1581 postea
873 1518 1001 1580 semper
1023 1498 1122 1561 laces·

109 1586 224 1650 sierint
237 1584 404 1650 Romanos
425 1586 534 1668 eisque
548 1585 610 1650 hoc
625 1586 696 1668 ipso
712 1586 818 1668 spatio
835 1586 959 1650 cladem
974 1586 1121 1653 omnium

108 1674 335 1758 grauissimam
364 1673 667 1757 acerbissimamque
695 1673 879 1755 intulerint,
907 1678 1017 1757 potest
1044 1697 1121 1739 sane

109 1761 269 1828 Caecilius
285 1763 431 1827 deriuare
447 1784 485 1826 ex
500 1759 609 1826 Crassi
624 1763 708 1826 male
723 1785 802 1826 sana
815 1762 981 1846 inpietate.
1005 1763 1122 1847 quodsi

108 1852 163 1916 ille
190 1849 363 1916 Seruiliani
390 1851 491 1936 legati
518 1850 720 1936 legionisque
744 1851 911 1916 Romanae
940 1851 1121 1935 111111111-

108 1941 197 2024 giam
220 1940 472 2005 internecionem
496 1943 528 2003 11
551 1939 681 2023 bellum,
706 1961 769 2023 quo
789 1938 894 2004 Verus
917 1942 1004 2005 ultor
1026 1941 1121 2004 annis

111 2030 172 2094 162
206 2033 239 2094 et
269 2029 333 2096 163
361 2028 501 2094 Parthos
530 2029 730 2113 profligauit,
762 2028 926 2113 designat,
959 2051 997 2093 ex
1025 2030 1120 2094 huius

108 2116 279 2183 Parthicae
302 2117 516 2201 expeditionis
535 2116 697 2182 mentione
717 2117 866 2202 equidem
886 2119 1014 2202 conligo
1034 2120 1121 2182 intra

107 2205 168 2270 hos
195 2206 285 2290 ipsos
314 2228 416 2271 annos
448 2206 510 2271 162
539 2209 571 2270 11
603 2206 664 2270 163
691 2206 856 2291 dialogum
879 2213 1028 2272 nostrum
1053 2207 1121 2271 siue

108 2293 219 2360 Ostiae
238 2293 425 2379 habitum*)
445 2295 513 2358 siue
534 2293 709 2361 aMinucio
728 2296 764 2359 in
783 2296 948 2378 publicum
967 2296 1122 2359 emissum

107 2405 186 2447 esse.
223 2404 300 2447 nam
323 2383 432 2467 potuit
455 2404 532 2447 sane
550 2382 649 2465 Felix,
672 2383 902 2466 disputationis
926 2384 1005 2447 olim
1028 2384 1121 2448 insti·

107 2475 198 2537 tutae
226 2493 387 2536 summam
414 2470 572 2536 memoria
594 2473 708 2535 tenens
733 2493 805 2536 curn
828 2473 927 2535 cartis
951 2472 1121 2536 mandatu-

106 2583 162 2626 rus
185 2561 220 2625 in
244 2561 381 2645 singulis
404 2560 503 2624 latius
527 2564 783 2643 persequeretur,
807 2582 876 2624 rem
900 2583 938 2625 eo
962 2561 1035 2643 ipso
1054 2583 1118 2645 quo

107 2650 238 2732 scripsit
260 2653 405 2733 tempore
428 2649 548 2713 iactam
573 2649 714 2713 sermoni
738 2649 816 2713 olim
838 2649 951 2713 habito
969 2650 1120 2715 inserere.

173 2737 236 2802 Est
263 2737 366 2823 igitur
388 2737 549 2803 Minucius
572 2736 666 2802 Felix
692 2741 730 2802 ut
757 2738 841 2803 inter
869 2758 981 2803 omnes
1008 2738 1119 2822 apolo-

177 2913 202 2982 *)
218 2913 325 2983 [fictam
339 2927 400 2966 esse
418 2913 491 2966 hanc
510 2911 730 2982 disputationem
745 2911 912 2980 Ostiensem,
931 2929 987 2967 non
1005 2929 1121 2982 possum

107 2983 258 3040 concedere
278 2982 418 3038 Richardo
438 2982 546 3051 Kuehn,
566 2984 643 3038 cuius
662 2982 823 3038 (1111111111
845 2983 906 3037 ‘der
920 2982 1052 3039 01111111
1072 2985 1120 3038 des

106 3054 174 3112 Min.
193 3053 283 3109 Felix’
305 3051 417 3123 Lipsiae
438 3058 506 3108 1882
531 3054 607 3108 edita
630 3053 700 3108 mihi
723 3054 780 3108 iam
798 3054 869 3109 haec
887 3054 1045 3124 typothetis
1064 3057 1121 3109 tra·

107 3125 227 3208 dituro
219 3143 249 3179 1n
266 3142 365 3180 manus
384 3124 471 3179 uenit.
507 3124 637 3194 procedit
655 3127 750 3179 autem
770 3125 912 3180 Kuehnius
931 3142 964 3180 eo
983 3143 1070 3194 usque
1088 3126 1121 3180 ut

106 3195 198 3266 ipsam
216 3195 327 3252 Octauii
349 3211 499 3265 personam
521 3197 613 3251 totam
636 3196 799 3250 ementitam
822 3198 1013 3262 1111111111,
1037 3197 1120 3265 plane

105 3268 161 3324 hoc
180 3283 214 3322 ex
231 3269 327 3323 nostra
342 3267 484 3321 sententia
496 3266 717 3336 inprobabiliter,
737 3265 876 3335 siquidem
889 3269 950 3322 tam
964 3266 1121 3336 prohoemii

107 3355 192 3420 quam
215 3339 318 3407 reliqui
341 3337 448 3407 dialogi
467 3339 538 3392 adeo
558 3341 623 3392 sunt
640 3336 731 3392 uiuidi
749 3339 871 3406 colores,
894 3340 926 3393 ut
943 3337 1017 3392 hune
1037 3338 1120 3392 Octa·
1193 3364 1199 3377 ·

106 3409 185 3464 11111
203 3409 363 3464 Ianuarium
387 3425 443 3463 non
465 3409 558 3463 111111
581 3426 665 3478 qnam
684 3407 716 3474 Q
736 3407 888 3464 Caecilium
907 3409 1050 3477 Natalem,
1075 3407 1121 3464 cui

105 3481 153 3535 uel
182 3481 292 3550 lapides
314 3479 422 3535 faciunt
444 3479 540 3550 fidem,
569 3481 606 3534 ad
628 3498 726 3536 uerum
750 3497 810 3535 1111
833 3481 976 3550 depictum
998 3496 1050 3549 pro
1074 3495 1121 3533 ex·

105 3552 218 3622 plorato
236 3551 379 3622 habeam]
