2430 3938
418 203 586 260 EDITOR-IS
605 203 821 261 PRAEFATIO.
954 255 956 258 Α
1091 207 1129 261 XI

112 353 161 416 ita
180 349 318 415 efficitur
336 350 492 433 temporis
512 350 619 434 spatio
639 351 766 434 egregie
785 351 936 416 conuenit
960 352 1128 434 profundis

113 441 179 504 illis
194 439 318 526 stpdiis‚
333 460 416 523 quae
428 437 518 503 Felix
533 445 643 503 noster
657 441 841 504 conlocauit
855 441 889 503 in
904 442 1129 524 cognoscenda

114 528 306 593 Iudaeorum
321 527 458 591 historia
473 549 671 612 quorumque
685 529 907 593 testimonium
923 533 974 593 sat
987 529 1128 595 luculen-

113 621 184 683 tum
212 638 237 683 c.
261 617 318 698 33,
342 616 429 680 2-5
458 619 557 680 extat.
602 617 692 680 nullo
724 621 832 682 autem
860 621 957 700 pacto
986 618 1128 683 adducor

113 709 150 771 ut
178 706 320 786 credam,
348 704 483 768 eundem
510 704 616 768 uirum
640 728 748 770 rerum
771 705 973 770 Iudaicarum
997 728 1035 770 ex
1059 707 1126 771 fon·

112 796 200 859 tibus
235 793 461 858 discendarum
497 796 566 857 tam
603 795 766 859 curiosum
799 799 867 858 tam
903 795 1127 879 indiligentem

112 885 212 948 fuisse
240 883 273 947 in
298 904 374 946 suae
399 885 504 945 sectae
528 881 666 947 historia
689 883 880 967 placitisque
904 884 1127 967 percipiendis.

113 972 197 1038 unde
231 971 327 1034 aliam
362 971 609 1053 explicationem
638 971 854 1055 quaerendam
883 993 953 1036 esse
982 977 1127 1057 apparet.

179 1059 265 1124 Fons
295 1062 416 1122 rectam
449 1059 644 1123 sententiam
677 1060 859 1142 reperiendi
891 1061 970 1124 mihi
998 1062 1126 1126 uidetur

112 1151 226 1214 unicus
255 1148 309 1211 ille
338 1149 440 1231 locus,
470 1147 527 1211 uhi
555 1149 759 1230 paucissimis
787 1149 895 1214 uerbis
925 1150 964 1213 de
993 1148 1124 1216 Christo

113 1240 229 1323 agitur.
276 1237 412 1320 legimus
441 1257 467 1301 c.
491 1236 587 1319 29,2
620 1258 696 1301 uam
726 1240 809 1320 quod
834 1238 978 1320 religioni
1003 1245 1127 1304 nostrae

110 1327 265 1392 hominem
296 1327 427 1390 noxium
453 1329 482 1390 et
512 1346 630 1390 murem
658 1328 724 1390 eius
756 1327 945 1406 adscribitis,
979 1328 1065 1409 loupe
1091 1330 1127 1392 de

111 1417 230 1480 sicima
265 1416 408 1478 ueritatis
440 1416 565 1492 erratio,
597 1416 652 1496 qui
682 1417 805 1496 pictatis
835 1417 925 1480 mum
957 1418 1040 1481 credi
1070 1422 1127 1482 aut

111 1506 257 1569 meruisse
278 1505 407 1567 noxium
429 1507 487 1567 aut
508 1505 644 1584 potuisse
666 1509 828 1570 maenum.
864 1526 902 1569 ue
924 1505 976 1569 ilie
998 1506 1125 1570 misera·

110 1593 190 1670 bilis,
208 1593 296 1658 euius
313 1593 349 1655 in
366 1591 487 1656 homine
505 1593 632 1656 mortali
649 1612 716 1673 spes
730 1594 831 1658 amuis
847 1593 1010 1670 tunicatam
1030 1599 1125 1659 totum

110 1684 193 1747 cuim
224 1683 289 1745 eius
320 1681 477 1743 auxilium
504 1689 580 1744 cum
601 1683 730 1745 eaiiueio
757 1681 879 1746 homine
907 1683 1028 1764 linitur.
1073 1683 1125 1747 hic

111 1791 239 1855 quoque
266 1769 357 1832 illam
390 1770 605 1833 reuerentiam
636 1770 818 1855 attingendi
847 1791 994 1855 eaquae
1025 1793 1125 1853 supra

111 1860 312 1925 ethnicorum
336 1863 467 1940 captum
491 1859 600 1941 posita
623 1864 732 1923 essent
755 1859 864 1923 uidere
887 1860 950 1924 sibi
971 1859 1124 1926 uideban-

110 1953 176 2013 tur:
209 1948 270 2012 etsi
298 1969 365 2011 non
393 1952 502 2031 aperte
535 1947 750 2030 significasse,
783 1953 893 2013 tamen
925 1949 1124 2015 intellexisse

110 2037 288 2101 Minucium
317 2034 484 2100 Christum
515 2057 618 2120 neque
650 2037 797 2118 noxium,
830 2042 943 2122 utpote
972 2039 1123 2123 peccatis,

110 2148 213 2210 neque
234 2126 398 2191 hominem
417 2131 589 2210 terrenum,
613 2131 724 2210 utpote
744 2132 873 2193 terreno
893 2127 1122 2211 ponderosius

111 2237 244 2299 corpore
268 2223 446 2299 carentem,
472 2216 617 2280 innuisse
642 2237 719 2300 ergo
744 2239 817 2281 eum
840 2217 996 2281 diuinum.
1039 2239 1121 2300 quae

110 2305 335 2387 interpretatio
359 2305 422 2367 nisi
450 2306 621 2368 tormentis
645 2305 839 2389 quibusdam
863 2328 901 2370 ex
924 2306 1031 2369 uerbis
1055 2305 1121 2370 illis

109 2415 176 2458 non
201 2392 340 2457 eruenda
364 2392 458 2475 plane
482 2392 643 2456 refutatur
665 2398 736 2457 tota
758 2393 894 2457 Minucii
917 2398 1124 2478 argumenta·

109 2484 206 2548 tione.
244 2482 299 2566 qui
323 2482 408 2545 eninr
433 2481 470 2544 de
495 2503 559 2545 uno
584 2480 642 2545 deo
667 2483 715 2545 ita
737 2485 774 2545 ut
796 2482 915 2546 factum
939 2485 990 2546 est
1014 2482 1122 2565 dispu-

109 2575 251 2653 tauerat,
270 2570 341 2635 loco
362 2569 470 2635 adlato
490 2569 572 2633 nihil
592 2569 679 2634 aliud
698 2570 804 2653 potuit
823 2571 1007 2654 significare
1026 2594 1122 2655 quam

109 2659 278 2725 Christum
304 2681 371 2723 non
395 2658 494 2722 fuisse
518 2658 653 2742 originis
678 2659 819 2724 diuinae:
847 2670 941 2724 ner‘no
965 2661 1122 2725 lectorum

109 2753 185 2832 post
207 2770 245 2812 ea
269 2769 349 2831 quae
373 2747 569 2830 praecedunt
593 2749 656 2812 alio
681 2748 776 2812 modo
800 2749 901 2812 uerba
924 2749 1122 2832 intellegere,

109 2858 205 2902 nemo
224 2837 318 2901 facile
338 2837 528 2919 scriptorem
548 2837 643 2901 aliter
657 2838 777 2902 sentire
792 2860 889 2921 quam
907 2837 997 2921 loqui
1017 2839 1121 2922 suspi-

109 2927 176 2990 cari
195 2926 302 3008 potuit
320 2930 477 3008 potestne.
511 2929 544 2989 et
561 2925 614 2989 hic
633 2927 751 2990 iterum
776 2948 901 3010 moneo,
924 2948 991 2990 non
1010 2927 1121 2992 cadere

108 3016 208 3079 talem
231 3015 360 3099 quidem
384 3013 677 3079 dissimulationem
700 3014 735 3078 in
758 3015 949 3099 apologetas
974 3015 1121 3081 christia·

107 3124 177 3187 nos,
199 3125 335 3187 quorum
354 3123 449 3166 nemo
468 3124 533 3166 non
552 3103 696 3168 oblatam
714 3104 928 3186 respondendi
947 3105 986 3169 de
1006 3104 1068 3169 hac
1087 3127 1121 3170 re

109 3190 252 3258 Caecilio
273 3192 475 3257 occasionem
493 3191 540 3255 ita
559 3197 747 3274 arrepturus
767 3192 885 3257 fuisset
902 3196 939 3259 ut
954 3192 1120 3258 Christum

109 3280 159 3346 dei
187 3281 292 3344 filium
321 3280 470 3345 lubenter
497 3282 529 3344 et
556 3281 728 3345 manifesta
758 3287 1005 3364 prosequeretur
1027 3282 1120 3346 lande

109 3374 206 3453 atque
239 3368 454 3434 ueneratione.
501 3391 597 3453 quam
630 3369 765 3434 Minucii
798 3372 1000 3435 reticentiam
1034 3370 1119 3435 bono

108 3458 236 3542 fidoque
266 3456 452 3523 Christiano
485 3458 744 3543 indignissimam
778 3481 878 3542 aeque
906 3458 1121 3542 perhorresci-

109 3568 180 3612 mus
208 3569 306 3632 quam
334 3568 537 3632 excusamus,
570 3547 655 3632 quod
687 3547 773 3612 idem
805 3547 942 3612 crimina
970 3547 1009 3611 de
1037 3547 1121 3611 asini
