2430 3938
397 212 567 268 EDITORIS
585 212 802 269 PRAEFATIO.
1084 214 1110 269 V

96 357 286 442 Vergilium.
324 359 415 424 ouius
440 380 531 424 amor
553 358 709 423 mirificus
733 358 766 422 id
791 358 877 442 quod
900 379 940 423 ex
962 359 1036 423 aliis
1059 361 1109 424 in-

96 447 187 512 diciis
211 447 276 511 iam
301 451 351 512 est
374 447 573 532 patefactum
591 449 687 531 plane
707 447 907 532 comprobat,
930 446 1109 514 Minucium

95 537 196 601 fuisse
220 535 404 601 Romanum
425 557 639 620 peruerseque
662 539 838 620 praeeunte
856 535 890 601 F.
910 535 1110 603 Balduinoa

95 625 200 690 doetis
223 624 310 690 haud
334 625 447 708 paucis
471 647 530 708 pro
550 624 706 690 Africano
725 624 930 689 uenditatum
949 647 1028 690 esse.
1061 630 1111 691 est

96 718 204 779 autem
229 713 309 778 illud
332 713 452 798 poetiei
475 713 632 778 sermonis
656 712 799 778 studium
825 713 865 778 ad
888 717 1011 779 rectam
1033 736 1109 798 quo-

98 825 159 887 que
183 802 537 976 et)interpretationem
557 806 590 865 et
608 801 869 867 emendationem
888 802 1023 868 alieuius
1043 826 1111 869 mo·

94 891 244 955 menti*.

162 978 282 1043 Libelli
310 978 344 1042 in
372 976 559 1042 uniuersum
587 999 607 1041 a
631 999 779 1043 sermone
802 979 1000 1044 examinatio
1023 981 1109 1064 quod

95 1067 214 1151 effecit,
240 1066 274 1131 id
300 1066 511 1131 confirmatur
534 1088 572 1131 ex
596 1067 735 1139 aliarum
757 1088 865 1132 rerum
887 1067 1111 1151 inquisitione,

95 1177 172 1219 nam
197 1177 237 1220 ex
260 1155 441 1240 apologetis
465 1156 550 1221 eirea
572 1156 671 1220 finem
692 1156 825 1220 secundi
843 1178 875 1241 p.
894 1153 970 1222 chr.
990 1157 1109 1222 saeculi

94 1244 282 1309 florentibus
318 1265 392 1308 eum
423 1265 506 1308 unus
540 1243 760 1310 Tertullianus
792 1266 864 1309 eum
891 1245 1109 1332 Apologetieo

95 1355 154 1397 suo
183 1355 259 1397 uere
286 1333 398 1397 ueniat
424 1334 459 1397 in
487 1354 618 1398 censum
646 1330 738 1418 (nam
761 1354 809 1399 ex.
834 1355 881 1420 gr.
904 1334 942 1399 de
965 1334 1110 1399 Athena-

94 1442 174 1507 gora
193 1423 303 1487 omnia
320 1419 470 1508 ineerta),
494 1444 566 1486 eum
584 1445 680 1487 usum
701 1444 772 1487 esse
789 1421 943 1501 Minucio,
965 1444 1031 1486 non
1051 1419 1109 1487 Mi-

92 1511 224 1576 nucium
249 1510 468 1593 Tertulliano,
495 1514 562 1574 tam
586 1511 748 1575 luculente
772 1510 957 1593 nuperrime
980 1510 1110 1576 demon·

94 1600 212 1664 strauit
235 1599 273 1663 A.
297 1597 440 1662 Ebertus
469 1595 518 1679 (in
545 1598 773 1663 dissertatione
799 1596 1006 1663 ‘Tertullians
1030 1599 1110 1676 Ver·

94 1687 251 1751 haeltniss
275 1710 314 1750 zu
332 1685 410 1751 Min.
428 1685 477 1750 F?
500 1687 668 1771 inscripta,
690 1686 821 1770 Lipsiae
845 1684 955 1773 1868),
982 1710 1003 1751 u
1042 1688 1110 1752 fere

94 1797 298 1840 communem
318 1774 488 1840 doctorum
508 1775 682 1841 adsensum
695 1775 804 1840 ferret.
827 1775 861 1840 in
876 1775 986 1840 uerbis
1001 1781 1109 1842 autem

94 1864 217 1948 dialogi
241 1865 347 1930 nostri
370 1885 396 1928 o.
419 1864 450 1947 9,
474 1865 493 1929 6
515 1865 639 1946 possim
662 1884 764 1930 omues
788 1865 938 1944 locuntur,
961 1866 996 1929 r'd
1017 1867 1110 1931 etium

95 1951 244 2019 Oirterrsr's
261 1954 361 2018 rrostrr‘
379 1957 507 2019 testatur
525 1955 624 2019 oratio
642 1956 771 2037 tempus
785 1975 950 2038 praesens,
969 1954 1030 2019 etsi
1044 1976 1110 2020 non

94 2043 184 2127 cogit
210 2043 358 2127 omnino,
385 2045 496 2107 tamen
519 2042 687 2126 probabile
711 2042 883 2107 admodum
907 2047 1004 2128 atque
1027 2043 1109 2108 ueri·

94 2130 201 2195 simile
225 2131 339 2214 reddit,
362 2131 415 2216 agi
439 2132 478 2196 de
496 2130 662 2196 Frontone
685 2131 790 2196 adhue
813 2132 899 2196 inter
922 2133 1017 2198 uiuos
1039 2153 1110 2196 uer·

95 2223 200 2301 sante,
224 2219 263 2283 ef.
286 2242 313 2285 o.
336 2221 389 2302 31,
408 2221 428 2284 2
452 2225 523 2285 tuus
541 2217 732 2306 Fronto**);
755 2241 860 2305 neque
883 2221 978 2286 facile
1000 2223 1109 2304 poste·

96 2307 182 2372 riore
201 2311 347 2391 tempore
362 2306 432 2392 lex.
449 2331 496 2390 gr.
515 2329 600 2373 anno
620 2306 700 2394 230)
719 2309 842 2373 nudurn
859 2309 943 2373 illud
962 2307 1111 2376 Cirtensis

94 2398 194 2488 uostrr‘
216 2395 362 2482 intellegi
384 2397 501 2480 potuit.
547 2417 658 2461 uerum
682 2396 810 2480 quidem
834 2401 898 2482 est,
922 2394 1109 2483 Caecilium,

182 2570 208 2640 ³¹²)
234 2569 307 2625 dabo
331 2569 440 2638 aliquot
465 2586 498 2625 ex
521 2568 612 2639 eapite
631 2568 721 2638 primo
740 2569 869 2640 exempla
887 2570 924 2624 ad
942 2569 1108 2641 interprete

92 2639 199 2695 tionem
224 2640 391 2710 spectantia.
428 2641 458 2695 in
478 2645 493 2707 ἕ
512 2646 526 2695 1
546 2657 616 2711 puae
632 2642 690 2695 iam
708 2645 851 2696 trausacto
868 2647 894 2696 et
911 2642 1026 2696 decursa
1044 2648 1109 2698 suat

92 2713 279 2767 recordatione
306 2728 435 2767 reuocare
461 2711 621 2782 nuperrime
649 2711 758 2766 exstitit
785 2712 833 2781 qui
861 2711 949 2767 uellet
967 2729 1108 2781 renouare,

93 2782 143 2836 red
161 2799 244 2852 posse
263 2782 397 2852 explicari
418 2783 601 2838 ‘recordando
619 2780 650 2836 in
668 2783 834 2839 memoriam
852 2783 1007 2853 reuocare',
1027 2783 1109 2840 docet

92 2852 234 2934 Vergilius
257 2855 327 2910 Aen.
347 2852 453 2908 V1140
477 2855 602 2909 scribens
625 2856 736 2923 primae
756 2855 889 2910 reuocato
912 2855 983 2924 (soil.
1003 2855 1033 2908 in
1051 2871 1109 2910 me-

91 2927 220 2993 moriam)
239 2926 354 2980 eaordia
392 2941 489 2995 aquae.
510 2955 543 2966 -
564 2929 579 2991 ἕ
596 2931 612 2979 3
631 2927 783 2980 commueret
800 2927 892 2980 eodem
909 2927 978 2981 uelle
996 2931 1020 2980 et
1038 2927 1110 2982 nolle

93 2997 135 3064 (ut
153 2997 182 3050 et
201 3012 223 3051 e.
240 2998 344 3066 ae,10)
384 2996 524 3051 efenditur
541 2999 609 3050 noto
627 2997 775 3066 poetarum
789 3014 850 3065 usu,
870 2996 919 3064 qui
932 3014 983 3067 pro
997 3002 1029 3051 ut
1044 3014 1108 3053 eon·

93 3065 220 3121 seeutiuo
243 3067 385 3121 interdum
408 3066 577 3121 infinitiuum
600 3068 710 3137 ponunt
735 3067 780 3136 (el.
800 3066 965 3122 Kuehnerus
985 3085 1025 3138 gr.
1045 3069 1063 3122 1.
1082 3067 1110 3123 II

92 3154 119 3206 p.
135 3139 205 3207 603).
222 3168 255 3178 -
273 3143 288 3204 ξ
302 3144 319 3192 4
337 3139 378 3193 eie
394 3139 469 3192 solas
486 3139 518 3192 r‘rr
532 3139 671 3193 emeretur
684 3139 775 3193 socius
788 3139 874 3222 uulgo
889 3137 987 3193 intelle
1008 3142 1060 3194 unt
1075 3139 1108 3193 de

91 3208 250 3290 puellarum
273 3208 440 3292 amoribus,
452 3209 548 3291 potius
570 3226 616 3264 res
634 3208 734 3278 cupide
753 3212 894 3280 appetrtas
913 3208 973 3265 siue
989 3157 1109 3265 delicias

93 3278 482 3432 de⁸¹8²'‘1²l‘3⁴rl11(rloecialrlligitgrilrl,u
485 3280 648 3406 sOdtia'uiiini
651 3286 755 3420 6ipsum
772 3368 829 3407 non
848 3351 934 3406 fuisse
954 3350 1109 3406 cirtensem

92 3420 177 3489 atque
201 3421 364 3476 Africanum
393 3421 438 3491 (of.
462 3437 534 3491 quae
562 3438 647 3493 supra
670 3421 767 3477 statim
790 3422 988 3491 subiciuntur),
1017 3438 1108 3492 neque

92 3492 364 3618 {ffiffiffimum'
387 3493 513 3562 alioquin
536 3510 599 3548 eum
616 3497 704 3549 uesta
722 3492 831 3551 Fronto
853 3493 1003 3549 dicendum
1022 3493 1109 3548 fuerit

118 3580 133 3617 o
164 3581 219 3620 uro.
