2430 3938
145 202 185 265 16
500 200 642 256 MINUCIl
660 201 799 257 FELICIS

143 349 268 431 darem,
305 347 431 431 culpam
468 350 581 411 tamen
617 347 668 411 uel
705 347 922 412 innocentiam
954 351 1022 412 fato
1055 348 1160 413 tribui

143 437 294 501 assentior
321 435 490 500 sententiis
518 436 742 518 plurimorum.
784 437 816 498 et
844 435 924 500 haec
947 440 1059 500 uestra
1082 458 1159 502 con·

108 525 250 590 oseneio
275 528 338 607 est3
360 546 436 588 nam
460 523 611 608 quicquid
635 529 771 607 agimus,
793 527 830 588 ut
853 525 910 589 alii
931 525 1009 608 fato,
1032 525 1081 589 ita
1100 546 1160 591 uos

143 615 203 678 deo
231 613 338 678 dicitis
499 613 544 677 sic
573 616 679 677 sectae
708 615 836 677 uestrae
863 635 931 678 non
960 615 1159 696 spontaneos
1207 658 1209 663 <

110 719 276 786 acupere,
306 700 362 765 sed
390 702 519 766 electos.
560 701 660 785 igitur
688 703 834 785 iniquum
861 702 999 767 iudicem
1022 701 1193 784 fingitial

144 792 200 874 qui
238 793 358 854 sortem
397 789 431 853 in
463 790 652 854 hominibus
685 791 812 873 puniat,
847 812 913 855 non
945 790 1159 857 uoluntatem

144 880 261 942 uellem
288 881 401 942 tamen
429 879 600 959 sciscitari,
628 880 777 942 utrumne
805 901 878 943 cum
902 879 1095 962 corporibus
1118 900 1161 945 uu

143 968 210 1032 siue
232 967 416 1050 corporibus,
440 971 473 1032 et
497 966 684 1050 corporibus
708 967 835 1051 quibus,
857 967 978 1050 ipsisne
1001 989 1045 1032 an
1067 968 1160 1033 inno·

146 1056 239 1138 uatis,
262 1055 471 1140 resurgatur?
496 1056 564 1120 sine
588 1054 743 1139 corpore?
765 1055 837 1139 hoc,
861 1055 948 1140 quod
971 1056 1084 1141 sciam,
1105 1078 1161 1122 ne-

146 1166 207 1226 que
237 1165 327 1208 mens
355 1165 461 1228 neque
489 1145 598 1208 anima
624 1165 683 1208 nec
711 1143 780 1208 uita
806 1148 865 1208 est.
905 1145 977 1228 ipso
1001 1145 1194 1229 corporata

145 1233 201 1296 sed
224 1232 289 1296 iam
314 1236 388 1297 ante
412 1233 574 1316 dilapsum
598 1236 656 1297 est.
693 1233 756 1296 alio
782 1238 937 1316 corpore?
961 1251 1040 1317 ergo
1059 1233 1159 1299 homo
1201 1314 1204 1319 ι

109 1338 248 1387 anouus
282 1321 537 1405 nascitur,'non
569 1322 660 1404 prior
686 1321 744 1385 ille
770 1325 946 1403 reparatur.
988 1325 1022 1386 et
1048 1324 1167 1390 tamen,

144 1412 238 1474 tanta
268 1413 358 1474 aetas
391 1410 485 1494 abiit,
517 1411 646 1474 saecula
677 1409 845 1474 innumera
877 1410 1054 1474 fluxerunt:
1086 1411 1161 1496 quis

145 1521 228 1563 unus
261 1498 346 1563 ullus
378 1499 420 1562 ab
452 1498 562 1562 inferis
595 1498 648 1562 uel
675 1498 848 1562 Protesilai
877 1503 963 1564 sorte
993 1499 1161 1584 remeauit,

144 1587 300 1652 horarum
319 1588 435 1652 saltem
454 1587 613 1670 permisso
633 1591 816 1652 commeatu
829 1587 938 1669 trium,
956 1590 995 1651 ut
1013 1589 1160 1671 exemplo
1172 1601 1196 1643 1⁵

110 1694 126 1742 e
146 1676 373 1741 crederemus?
392 1675 501 1741 omnia
520 1676 585 1740 ista
602 1675 761 1759 figmenta
780 1676 864 1739 male
884 1697 980 1740 sanae
996 1675 1161 1761 opinionis

145 1769 178 1829 et
210 1766 321 1848 inepta
354 1765 475 1830 solacia
503 1788 521 1829 a
549 1765 655 1847 poetis
687 1764 860 1829 fallacibus
892 1765 926 1829 in
956 1764 1161 1830 dulcedinem

146 1855 299 1917 carminis
340 1853 412 1917 lusa
449 1875 468 1916 a
504 1853 598 1917 uobis
639 1853 777 1917 nimium
819 1852 956 1918 credulis
993 1854 1027 1917 in
1061 1853 1161 1918 deum

95 1940 291 2007 lssuestrum
315 1941 454 2024 turpiter
477 1941 652 2005 reformata
676 1945 760 2005 sunt.
795 1963 856 2006 nec
875 1941 992 2006 saltem
1010 1940 1049 2006 de
1068 1964 1160 2026 prae-

147 2029 291 2094 sentibus
320 2029 435 2112 capitis
460 2029 727 2114 experimentum,
754 2052 851 2114 quam
874 2051 933 2094 uos
956 2029 1073 2095 inritae
1098 2031 1197 2096 sol-o

146 2118 336 2183 licitationis
369 2139 462 2183 cassa
493 2122 572 2183 uota
604 2118 780 2201 decipiant:
813 2118 890 2203 quid
917 2122 993 2202 post
1020 2123 1160 2184 mortem

111 2226 127 2274 2
146 2207 330 2291 inpendeat,
354 2207 473 2289 miseri,
496 2212 570 2270 dum
594 2206 697 2271 adhuc
720 2207 843 2291 uiuitis
867 2207 1048 2272 aestimate.
1088 2229 1160 2273 ecce

145 2319 220 2380 pars
239 2301 392 2380 uestrum,
414 2295 518 2360 maior
537 2299 570 2360 et
588 2295 710 2376 melior,
734 2299 771 2360 ut
789 2296 907 2380 dicitis,
930 2295 1033 2381 egetis
1052 2317 1160 2380 opere,

146 2385 280 2468 algetis,
311 2384 397 2450 farne
424 2385 595 2469 laboratis3
630 2388 662 2449 et
690 2385 768 2449 dous
795 2385 933 2468 patitur,
965 2383 1160 2468 dissimulat,

145 2496 212 2538 non
234 2474 305 2537 uult
329 2477 386 2538 aut
408 2496 475 2538 non
497 2478 606 2558 potest
630 2473 785 2556 opitulari
808 2473 886 2538 suis:
916 2474 963 2537 ita
986 2477 1044 2538 aut
1066 2473 1160 2538 inua-
1173 2487 1196 2530 2⁶

111 2562 230 2630 alicus
260 2567 317 2627 aut
343 2563 473 2646 iniquus
502 2566 560 2626 est.
597 2566 647 2646 tu,
676 2562 731 2645 qui
754 2562 1024 2626 inmortalitatem
1048 2566 1164 2645 postu·

146 2674 233 2716 mam
262 2646 418 2735 somnias,
445 2673 518 2715 cum
546 2672 699 2735 quercera
726 2651 885 2734 quateris,
914 2672 988 2715 cum
1015 2649 1161 2716 febribus

218 2849 234 2896 2
259 2843 397 2898 assentior
419 2842 518 2898 addidi
538 2840 616 2912 (noui
633 2848 698 2913 post
715 2841 899 2912 plurimorum
922 2842 1078 2908 Vah-lcuus;
1101 2858 1163 2898 sen·

147 2914 237 2969 tentia
256 2915 295 2985 pl.
314 2915 439 2982 Ursinus,
453 2929 540 2982 porro
559 2912 645 2968 etiarn
663 2915 757 2968 nestra
773 2912 913 2984 Gelenius)
928 2915 968 2984 114
984 2918 1047 2981 pou
1066 2913 1162 2968 dicitis

152 2985 286 3040 Useuerus
304 2987 420 3040 lacunae
437 2986 519 3053 uque
533 2986 629 3053 posuit
641 2985 651 3053 ΙΙ
665 2990 719 3053 l,8
739 3001 775 3039 an
794 2985 853 3039 sine
873 2983 1036 3053 corporibus
1051 2985 1164 3039 addidit

147 3056 280 3110 Halmius
298 3057 404 3124 (utrum
422 3072 509 3110 necne
528 3072 551 3111 c.
571 3074 593 3111 c.
613 3054 794 3124 Dcmbartus)
813 3057 823 3124 l
843 3062 876 3110 lo
894 3056 981 3110 trium
999 3058 1032 3110 ut
1048 3056 1164 3124 scripsi:

147 3127 233 3181 uelud
246 3133 266 3180 P
280 3127 327 3181 uel
345 3129 377 3181 ut
390 3128 474 3196 uulpo
489 3143 579 3195 praru
594 3129 638 3196 (ut
652 3127 711 3181 eins
724 3127 863 3192 Koclius;
881 3126 967 3181 trium
982 3131 1047 3196 post
1060 3125 1165 3181 saltem

149 3199 217 3252 addi
230 3199 320 3252 uoluit
331 3196 479 3266 Duuisius)
494 3200 503 3268 ΙΙ
518 3204 550 3251 17
566 3197 713 3253 dulcedine
723 3203 751 3266 P,
770 3214 840 3253 corr.
854 3197 1036 3268 Woplrcucius
1049 3199 1058 3267 ΙΙ
1074 3203 1107 3252 18
1122 3197 1165 3250 ni·

148 3268 250 3322 mirum
264 3275 293 3336 P,
307 3269 515 3323 corrueremus
529 3270 539 3337 ll
554 3273 586 3322 19
602 3268 714 3323 salitam
728 3274 792 3324 aute
805 3285 934 3325 rasuram
947 3274 967 3321 P
980 3269 989 3338 ΙΙ
1003 3273 1047 3335 20,
1057 3273 1091 3322 21
1108 3268 1165 3321 sol·

149 3338 314 3395 licitationis
329 3340 430 3408 scripsi
443 3342 541 3408 (supra
549 3356 579 3409 p.
592 3339 695 3407 XXV)2
710 3339 901 3409 pollicationis
915 3345 936 3392 P
949 3338 1165 3409 pollicitationis

149 3412 233 3481 uulpo
247 3413 257 3483 ΙΙ
270 3416 304 3465 23
319 3410 410 3465 maior
424 3414 453 3465 et
467 3410 566 3465 melior
584 3410 733 3466 Valleuus:
754 3413 783 3465 et
796 3411 887 3466 maior
900 3411 1001 3466 melior
1014 3415 1034 3462 P
1050 3412 1055 3477 Ι
1071 3411 1164 3480 egetis

149 3483 251 3552 algetis
266 3498 349 3552 opere
363 3482 438 3536 fame
452 3487 480 3548 P,
495 3483 592 3538 traieci
605 3484 614 3551 ll
629 3488 671 3549 26,
686 3488 720 3537 27
734 3499 802 3536 uum
815 3485 881 3552 post
895 3483 968 3552 (pos)
981 3482 1109 3536 tumbam
1124 3480 1140 3536 ἓ
1156 3481 1166 3552 ll

149 3559 183 3608 27
203 3569 360 3623 querquera
377 3553 411 3608 L.
433 3552 544 3608 Carrio:
562 3553 688 3624 periculo
707 3558 734 3605 P.
