2430 3938
149 217 191 282 38
504 215 646 272 MINUCII
664 215 803 272 FELICIS

148 363 291 447 perditae
319 362 437 427 mentis
465 363 499 424 in
527 363 593 426 ista
620 361 764 425 decidere
792 365 825 425 et
851 362 958 446 ipsam
980 363 1162 428 errantium

148 453 278 517 turbam
301 455 413 516 mutua
438 450 501 514 sibi
524 450 704 533 patrocinia
728 450 916 534 praestare?
946 450 993 515 sic
1015 450 1162 517 defensio

96 539 328 606 2500mmunis
356 539 475 604 furoris
500 544 550 602 est
572 538 749 603 furentium
773 538 956 606 multitudo.
994 543 1162 605 attamen

148 631 213 695 ista
249 629 321 712 ipsa
358 627 545 712 superstitio
578 627 734 692 Romanis
773 626 860 691 dedit
892 628 982 692 auxit
1013 627 1164 694 fundauit

148 719 333 802 imperium,
365 738 438 781 cum
470 738 538 782 non
569 719 638 781 tarn
668 716 789 780 uirtute
817 738 914 800 quam
942 716 1102 802 religione
1130 721 1198 784 ctu

148 808 269 889 pietate
292 806 459 890 pollerent.
496 805 649 868 nimirum
672 804 811 890 insignis
834 808 868 868 et
890 804 1010 869 nobilis
1034 805 1163 872 iustitia

148 893 296 958 Ronrana
320 895 360 959 ab
383 894 464 977 ipsis
487 892 615 978 imperii
637 894 801 958 nascentis
825 893 1028 958 incunabulis
1052 895 1163 979 auspi-

113 986 222 1047 ccata
246 987 303 1047 est.
341 1004 449 1047 nonne
472 983 507 1046 in
530 987 603 1047 ortu
631 1004 689 1047 suo
718 985 794 1046 sunt
823 983 943 1046 scelere
971 982 1100 1048 collecti
1129 986 1163 1048 et

148 1071 266 1135 muniti
285 1072 500 1136 immanitatis
519 1093 596 1136 suae
615 1074 739 1135 terrore
758 1069 948 1136 creuerunt?
971 1092 1048 1134 narn
1068 1073 1163 1155 asylo

148 1159 253 1243 prima
275 1161 368 1244 plebs
388 1165 586 1246 congregata
605 1164 668 1223 est:
693 1159 915 1224 confluxerant
933 1160 1060 1242 perditi,
1084 1159 1161 1225 faci·
1177 1179 1200 1220 ro

148 1250 266 1333 nerosi,
288 1249 410 1333 incesti,
435 1249 552 1332 sicarii,
575 1248 768 1333 proditores3
793 1252 826 1313 et
849 1252 887 1312 ut
909 1247 978 1332 ipse
1001 1248 1163 1314 Romulus

147 1336 326 1422 imperator
340 1340 372 1402 et
386 1342 494 1402 rector
508 1337 663 1420 populum
678 1359 771 1401 suurn
785 1337 928 1402 facinore
942 1337 1164 1422 praecelleret,

147 1426 356 1509 parricidium
379 1425 465 1490 fecit.
503 1426 583 1490 haec
606 1426 711 1508 prima
730 1430 807 1490 sunt
826 1426 970 1509 auspicia
988 1426 1164 1512 religiosae

113 1531 129 1578 3
148 1515 299 1579 ciuitatis.
337 1537 412 1579 mox
436 1514 557 1579 alienas
581 1514 726 1598 uirgines
749 1515 828 1594 [iam
847 1514 1075 1597 desponsatas]
1095 1515 1162 1581 iam

148 1603 328 1668 destinatas
343 1608 376 1667 et
390 1604 564 1668 nonnullas
579 1602 617 1666 de
637 1603 845 1669 matrimonio
864 1603 1070 1668 mulierculas
1091 1603 1162 1669 sine
1176 1624 1200 1665 ra

147 1713 236 1756 more
263 1693 372 1776 rapuit
394 1692 532 1756 uiolauit
544 1692 664 1756 inlusit
687 1695 811 1755 etcum
829 1713 940 1756 earum
960 1693 1164 1778 parentibus,

147 1779 180 1842 id
203 1784 253 1843 est
276 1802 348 1845 cum
372 1781 493 1846 soceris
518 1781 597 1864 suis,
628 1781 748 1844 bellurn
772 1780 915 1862 miscuit,
943 1781 1163 1865 propinquum

149 1869 342 1950 sauguinem
378 1869 470 1932 fudit.
512 1867 587 1953 quid
619 1868 853 1953 inreligiosius,
889 1868 965 1953 quid
998 1869 1162 1954 audacius,

112 1971 128 2019 4
148 1956 226 2039 quid
253 1955 326 2040 ipsa
354 1957 483 2021 sceleris
508 1955 701 2022 confidentia
724 1957 887 2022 astutius?
914 1957 980 2023 iam
1003 1959 1161 2023 finitimos

147 2064 226 2130 agro
251 2045 384 2128 pellere,
408 2045 555 2109 ciuitates
579 2046 742 2128 proximas
766 2050 908 2111 euertere
932 2067 1005 2111 cum
1028 2048 1160 2132 templis
1175 2067 1200 2107 so

147 2137 180 2197 et
212 2132 381 2216 altaribus,
412 2136 526 2217 captos
560 2154 687 2218 cogere,
719 2133 846 2200 damnis
880 2135 993 2200 alienis
1026 2139 1060 2199 et
1093 2137 1161 2201 suis

147 2222 321 2287 sceleribus
349 2221 531 2287 adolescere
559 2243 632 2286 cum
654 2221 795 2289 Romulo
824 2225 956 2309 regibus
984 2225 1100 2289 ceteris
1130 2228 1162 2290 et

113 2325 128 2373 5
148 2316 224 2395 post
246 2311 443 2395 reipublicae
467 2310 601 2376 ducibus
626 2311 798 2397 disciplina
818 2313 999 2378 communis
1019 2317 1078 2377 est.
1114 2314 1162 2378 ita

149 2400 300 2484 quiequid
333 2399 472 2464 Romani
505 2404 617 2465 tenent
650 2401 761 2465 colunt
793 2401 975 2485 possident,
1009 2401 1161 2467 audaciae

148 2487 266 2571 praeda
285 2492 349 2551 est:
373 2489 496 2574 templa
516 2490 625 2553 omnia
643 2488 681 2553 de
701 2491 873 2574 manubiis
890 2491 923 2556 id
938 2494 987 2556 est
1002 2489 1040 2554 de
1055 2491 1160 2556 ruinis
1173 2509 1198 2550 a

148 2576 290 2659 urbium,
318 2576 357 2640 dc
385 2578 497 2661 spoliis
525 2577 672 2662 deorum,
700 2577 739 2642 dc
767 2580 918 2644 caedibus
948 2578 1160 2645 sacerdotum.

147 2663 209 2730 hoe
227 2665 384 2730 insultare
403 2669 436 2730 et
453 2664 597 2730 inludere
615 2669 673 2748 est,
693 2667 787 2731 uictis
801 2668 1013 2753 religionibus
1029 2669 1160 2752 seruire,

114 2795 117 2801 ,
149 2755 293 2837 captiuas
312 2776 366 2819 eas
386 2757 462 2838 post
480 2755 633 2819 uictorias
653 2755 795 2819 adorare.
825 2778 902 2822 nam
923 2756 1057 2822 adorare
1076 2778 1159 2841 quae

148 2863 247 2907 manu
267 2844 397 2928 ceperis,
421 2843 626 2927 sacrilegium
646 2847 696 2907 est
714 2865 911 2930 consecrare,
930 2867 996 2910 non
1014 2847 1159 2913 numina.

113 2931 268 2996 ototiens
302 2952 379 3015 ergo
407 2931 564 2997 Romanis
596 2933 754 3017 inpiatum
788 2939 838 2998 est
865 2934 1015 3017 quotiens
1046 2934 1158 3000 trium·
1173 2955 1199 2995 ao

220 3147 232 3194 1
254 3140 382 3194 decidere
400 3143 512 3210 scripsi:
531 3141 658 3211 desipere
675 3147 696 3194 P
713 3143 723 3212 ll
741 3149 757 3196 2
777 3141 817 3197 sic
837 3143 1030 3214 Woptcnsius:
1048 3143 1095 3199 hic
1114 3150 1134 3198 P
1151 3145 1162 3217 ll

147 3217 164 3266 4
183 3210 258 3266 ausit
273 3216 294 3263 P
312 3214 321 3281 ΙΙ
340 3217 355 3265 7
375 3211 476 3281 inperii
493 3219 514 3266 P
532 3214 542 3283 ΙΙ
562 3219 579 3268 8
598 3215 626 3267 u
645 3215 691 3282 (==
710 3217 784 3282 sunt)
802 3216 916 3285 scripsi:
934 3217 964 3270 et
981 3221 1001 3268 P
1019 3217 1028 3286 ll
1052 3221 1086 3269 14
1104 3217 1160 3270 uir-

146 3282 254 3352 ginisP
271 3284 274 3350 l
291 3281 347 3336 iam
367 3283 549 3352 desponsatas
567 3285 676 3340 seclusit
694 3284 827 3340 Useacrus
840 3287 850 3356 l
865 3292 897 3340 19
913 3287 1033 3341 astutius
1047 3289 1161 3355 scripsi.-

145 3354 234 3408 tutius
257 3359 278 3406 P
299 3353 408 3424 turpius
431 3355 600 3410 Dombartas
621 3356 740 3410 taetrius
759 3356 891 3412 Halmius
912 3360 922 3428 l
945 3363 979 3412 23
1002 3359 1066 3426 post
1088 3364 1159 3428 ςΤψ.

145 3426 260 3494 scripsi:
278 3424 428 3494 postremis
443 3431 464 3478 P
503 3426 602 3481 esteris
620 3428 758 3482 Dauisius
775 3431 840 3496 post
858 3444 939 3499 reges
958 3428 1139 3498 Wopteaeius
1153 3430 1162 3502 l

146 3500 181 3549 28
208 3498 302 3551 malim
326 3497 453 3567 captiuos
476 3444 544 3552 deos
567 3500 620 3566 (est
642 3497 726 3552 uictis
750 3498 946 3569 religionibus,
973 3516 1030 3554 non
1054 3486 1161 3556 seruire

145 3567 279 3638 Kocbius)
294 3570 303 3640 l
317 3575 350 3622 29
370 3569 463 3623 malim
482 3570 527 3624 est
544 3567 730 3639 sacrilegium.
