2430 3938
119 202 158 258 VI
422 200 594 257 EDITORIS
614 200 827 257 PRAEFATIO.

119 350 175 435 qui
202 348 304 413 uerba
332 347 441 413 adlata
467 345 625 431 loquitur,
651 347 849 412 Frontonem
875 347 1038 431 appellare
1063 346 1131 414 clr-

118 444 231 504 leascm
258 442 398 503 nostram
424 440 536 520 utpote
561 440 824 517 conterraneum,
852 436 908 500 sed
932 458 998 501 non
1021 436 1132 502 debuit

117 527 160 593 H.
182 528 309 592 Dessau
333 523 488 611 (Hermae
513 526 577 590 uol.
600 523 662 589 XV
685 548 716 609 p.
738 525 803 590 471
820 522 904 611 sqq.)
929 527 968 589 ad
994 525 1131 610 inscrip-

118 616 224 682 tiones
248 614 422 680 nonnullas
442 612 615 698 Cirtenses,
637 614 673 677 in
695 613 810 698 quibus
830 615 961 679 Marcus
980 613 1131 680 Caecilius

120 705 229 786 Quiriti
247 705 273 787 f.
292 703 421 768 Natalis
442 703 530 767 intra
553 724 654 768 annos
678 703 741 767 211
768 708 801 767 et
824 704 888 768 217
909 701 1017 767 Cirtae
1041 726 1131 787 prae-

117 793 221 859 fectus
259 791 508 876 quinquennalis
541 796 637 878 atque
670 792 873 856 ethnicorum
906 794 1131 876 superstitioni

117 883 290 946 inhaerens
309 885 591 966 commemoratur,
609 881 656 945 ita
675 903 850 965 prouocare
870 886 906 946 ut
924 881 1009 946 hunc
1022 883 1131 966 ipsum

118 969 295 1036 Caecilium
322 974 454 1056 putaret
481 992 551 1035 esse
579 971 684 1035 nostri
708 970 828 1056 dialogi
855 971 1048 1054 participem
1076 969 1129 1055 (de

116 1058 246 1125 Natalis
274 1060 405 1125 nomine
434 1058 472 1124 cf.
501 1081 527 1124 c.
557 1059 607 1140 16,
634 1057 679 1141 1),
708 1060 762 1143 qui
790 1060 825 1122 in
853 1060 915 1123 fine
944 1058 1130 1124 Caracallus

116 1148 245 1232 imperii
276 1149 329 1213 uel
360 1152 476 1232 postea
507 1148 651 1214 imbutus
684 1154 771 1213 esset
803 1149 903 1212 sacris
933 1148 1129 1213 christianis.

115 1259 193 1302 nam
221 1239 284 1302 etsi
311 1238 393 1302 raris
421 1241 532 1302 tamen
555 1235 748 1302 indubitatis
772 1237 968 1300 testimoniis
992 1242 1130 1322 constat,

117 1327 215 1390 etiam
243 1330 313 1390 tum
336 1327 492 1410 temporis
515 1331 642 1411 patrem
666 1329 699 1389 et
721 1325 825 1389 filium
848 1328 927 1389 natu
952 1325 1130 1390 maximum

116 1414 237 1479 eisdem
260 1437 336 1480 usos
360 1436 431 1479 esse
454 1415 650 1480 nominibus.
671 1455 674 1461 ·
693 1413 739 1479 sic
763 1416 796 1478 in
818 1414 1028 1497 inscriptione
1052 1437 1129 1499 qua-

116 1502 189 1568 dam
228 1502 344 1568 Bullet.
364 1502 448 1588 Nap.
474 1505 558 1569 1847
583 1528 613 1588 p.
632 1505 687 1585 973
712 1503 752 1567 cf.
775 1502 1005 1587 Marquardtus
1029 1504 1129 1590 antiq.

114 1614 194 1658 rom.
213 1502 284 1657 bn
313 1595 329 1657 1
360 1615 390 1677 p.
418 1593 461 1657 23
494 1596 560 1657 not.
589 1590 626 1679 3)
654 1592 697 1659 M.
722 1591 871 1658 Cosinius
900 1591 1028 1657 Priscus
1062 1601 1129 1658 tres

115 1680 215 1746 habet
247 1682 346 1766 filios,
379 1704 515 1766 quorum
547 1683 653 1767 primo
687 1683 781 1765 plane
813 1682 899 1746 idem
935 1704 1008 1746 cum
1037 1690 1129 1766 patre

113 1792 233 1835 nomen
261 1775 323 1854 est3
351 1792 455 1855 neque
483 1775 552 1834 tam
580 1771 725 1854 perfecta
751 1775 801 1834 est
823 1774 938 1835 nostra
961 1771 999 1833 de
1023 1774 1128 1836 nomi·
1165 1820 1173 1831 ,

19 1936 22 1947 .
114 1881 193 1923 num
225 1881 283 1942 per
316 1880 431 1922 aeuum
464 1858 707 1941 imperatorium
737 1882 799 1922 usu
830 1859 923 1922 ualde
951 1860 1129 1927 fluctuante

112 1951 149 2011 et
175 1947 210 2009 in
238 1946 373 2011 diuersis
402 1946 488 2011 orbis
512 1947 650 2011 Romani
677 1947 823 2029 partibus
848 1952 881 2010 et
903 1948 975 2031 ipso
1000 1949 1127 2016 diuerso

114 2034 263 2118 scientia,
295 2035 371 2100 hinc
404 2038 441 2099 ut
473 2036 551 2100 certi
586 2035 708 2119 aliquid
735 2037 899 2119 possimus
929 2038 1129 2106 concludere.

113 2122 196 2188 nihil
211 2145 288 2210 ergo
304 2124 417 2188 obstat
430 2125 602 2208 quominus
614 2123 767 2200 Quintum
778 2123 953 2190 Caecilium
964 2125 1127 2212 Natalem,

114 2213 203 2277 cuius
228 2213 330 2278 filium
349 2212 494 2277 Marcum
519 2213 559 2277 ad
583 2214 773 2279 memoriam
796 2219 942 2278 nostram
965 2238 1127 2301 propaga-

113 2305 190 2367 runt
212 2302 452 2386 inscriptiones,
477 2301 715 2367 adulescentem
734 2303 857 2368 Romae
880 2303 943 2368 fori
967 2327 1060 2369 usum
1081 2307 1127 2370 di-

114 2394 259 2456 scentem
278 2389 333 2479 (cf.
349 2413 373 2456 c.
389 2391 452 2473 3,1
473 2393 557 2456 domi
572 2392 708 2474 forisque
726 2392 816 2457 lateri
836 2398 887 2458 100
906 2393 1126 2480 inhaerentem)

114 2501 186 2544 cum
201 2479 337 2545 Octauio
353 2479 463 2545 Ostiae
484 2480 701 2564 disputauisse
717 2485 913 2566 statuamus,
932 2505 1008 2546 nam
1024 2483 1127 2550 filium

113 2591 181 2634 non
208 2570 338 2634 stetisse
367 2591 386 2633 a
415 2570 505 2634 cultu
534 2571 696 2655 sacrisque
722 2571 837 2653 patris,
868 2571 895 2634 si
920 2572 1049 2656 quidem
1072 2573 1127 2639 hic

113 2657 218 2722 factus
239 2662 288 2722 est
306 2657 512 2742 christianus,
535 2681 593 2723 nec
611 2659 720 2742 ipsum
738 2662 827 2723 caret
846 2661 1010 2744 exemplis.
1048 2663 1127 2746 quid

113 2746 199 2830 quod
224 2745 377 2822 Quintum
405 2750 530 2830 patrem
558 2769 624 2811 non
652 2747 868 2830 spernendum
897 2749 1015 2814 codicis
1039 2751 1128 2817 unici

112 2835 289 2920 uestigium
318 2836 411 2919 quasi
438 2835 541 2920 digito
569 2835 694 2900 intento
724 2839 908 2902 monstrat?
954 2838 1009 2903 ubi
1038 2841 1127 2905 enim

113 2921 272 2988 Caecilius
295 2925 433 3008 primum
457 2924 656 3006 nominatur,
679 2925 712 2989 in
736 2947 761 2990 o.
787 2927 816 3011 1,
840 2925 860 2991 5
883 2928 990 2992 uerbis
1013 2930 1049 2993 ln
1071 2931 1127 2996 illo

106 3014 273 3097 praecipue
294 3033 430 3078 sermone
452 3066 460 3079 .
480 3066 486 3080 .
506 3064 513 3079 .
537 3034 596 3096 qao
620 3011 788 3080 Caecilium
812 3037 877 3100 eqs,
901 3016 1056 3081 miramur
1079 3019 1126 3085 ui-

112 3124 189 3166 uum
218 3102 316 3166 etiam
343 3106 420 3167 tunc
444 3100 622 3168 Caecilium
650 3107 717 3167 tam
744 3104 932 3188 simpliciter
954 3105 1126 3192 introduci,

111 3191 212 3254 codex
236 3194 345 3255 autem
364 3188 530 3255 Parisinus
552 3193 635 3273 qaod
655 3193 813 3257 caeciliam
836 3192 991 3258 exhibens
1012 3197 1126 3280 genui-

112 3301 187 3343 nam
211 3279 464 3362 lectionemque
489 3279 523 3360 Q.
548 3279 714 3346 Caeciliam
737 3282 824 3345 ultro
848 3283 1042 3366 suppeditat.

179 3366 267 3433 Iacto
292 3366 338 3433 sic
361 3369 454 3433 firmo
479 3369 688 3434 fundamento
709 3374 935 3453 superstruere
949 3394 1124 3457 possumus

112 3457 344 3522 accuratiorem
363 3458 402 3522 de
420 3461 575 3542 tempore,
598 3480 661 3542 quo
681 3456 835 3524 Octauius
855 3460 1004 3547 dialogus
1024 3463 1125 3548 scrip·

110 3549 164 3609 tus
189 3547 245 3631 sit,
273 3547 566 3633 inuestigationem.
606 3548 745 3631 legimus
768 3570 793 3612 c.
819 3549 847 3632 7,
870 3550 892 3614 4
916 3550 950 3613 10
974 3549 1124 3619 Parisino
