2430 3938
96 210 188 269 XVHI
401 210 569 266 EDITORIS
587 210 802 270 PRAEFATIO.

100 356 240 421 lentium
262 356 297 420 in
320 356 466 440 margine
489 356 587 419 maris
611 356 708 438 pedes
731 358 767 421 in
790 357 851 420 hac
872 357 944 439 ipsa
968 358 1115 442 margine

101 446 222 509 tinctos
251 465 322 509 esse
346 443 423 528 quid
451 443 514 508 dici
542 443 695 508 attinuit?
733 449 807 528 apte
835 451 1115 528 commemoratur,

101 532 278 616 tranquille
305 531 549 616 progredientes
576 531 657 616 ipsis
684 531 750 597 illis
780 533 928 616 aequoris
951 533 1015 597 huc
1038 534 1115 599 illuc

102 620 228 707 placide
260 621 384 685 ruentis
418 619 620 685 anfractibus
649 641 745 704 saepe
772 621 1007 686 circumuentos
1036 643 1116 686 esse.

102 709 185 774 unde
204 710 277 793 lego
292 707 339 772 ‘in
356 709 428 792 ipso
448 708 597 792 aequoris
615 706 759 773 flumine’
774 709 843 773 siue
861 709 969 791 potius
988 708 1114 773 ‘limite’

102 795 179 882 (hoc
203 799 253 860 est
275 797 343 878 uia,
371 791 512 882 itinere).
553 796 689 881 denique
718 797 753 861 in
779 796 845 861 illis
873 799 955 879 qaod
975 846 982 860 .
1002 846 1036 863 ..
1059 800 1114 862 od-

96 885 225 968 pulsum
242 885 358 950 nosces
369 884 498 966 pedem
514 885 672 950 adluderet
688 885 800 966 (lectae
814 907 833 948 a
847 884 943 950 certis
958 886 1115 970 exemplis

33 976 38 985 ’
101 972 222 1038 Catulli
250 973 307 1056 64,
335 973 375 1037 67
406 976 439 1037 et
466 969 563 1037 Statii
590 972 692 1039 Theb.
719 972 767 1036 IX
796 973 861 1038 336
891 972 940 1038 ita
967 977 1016 1038 est
1042 996 1115 1057 pro-

103 1059 326 1144 ficiscendum,
353 1064 391 1124 ut
410 1059 520 1126 v‘mare
543 1060 679 1145 pedibus
703 1059 786 1146 (siue
810 1059 940 1144 ‘pedes'
964 1061 1032 1126 siue
1056 1061 1116 1127 ‘ad

100 1145 227 1234 pedes')
247 1146 391 1234 adludit',
414 1170 481 1215 non
503 1148 674 1213 transitiue
693 1148 829 1213 ‘adludit
852 1149 997 1214 fluctum'
1013 1150 1116 1215 latine

103 1237 167 1302 dici
182 1237 315 1302 aiamus.
338 1236 491 1302 nimirum
506 1235 701 1322 ‘adpulsum'
715 1259 775 1322 pro
790 1236 968 1321 ‘adpulsus’
984 1239 1115 1322 scripsit

101 1326 254 1391 librarius
272 1323 382 1410 ‘quod'
401 1345 461 1408 pro
484 1325 676 1409 pronomine
698 1325 846 1406 relatin0,
868 1346 934 1390 non
957 1348 1016 1409 pro
1039 1348 1113 1391 con-

102 1413 267 1479 iunctione
291 1412 460 1497 accipiens.
493 1413 608 1478 fluctus
628 1417 734 1478 autem
754 1417 811 1478 aut
830 1413 1038 1479 ‘resorbetur'
1057 1419 1118 1479 aut

102 1500 148 1567 ‘se
171 1500 344 1585 resorbet',
367 1500 452 1565 unde
475 1500 523 1566 ‘in
548 1499 630 1566 sese'
654 1501 860 1566 diuidendum
880 1523 950 1566 esse
970 1508 1115 1586 apparet,

44 1615 48 1623 ·
102 1594 139 1655 ut
162 1589 280 1655 euadat
303 1589 483 1655 ‘retrahens
507 1589 542 1653 in
566 1587 611 1654 se'
635 1594 668 1654 et
691 1589 738 1655 ‘se
760 1589 963 1655 resorberet'.

168 1700 192 1744 c.
217 1679 251 1761 3,
275 1679 296 1743 6
324 1683 362 1744 ot
387 1679 468 1744 illud
492 1679 630 1744 iaculum
651 1679 701 1744 acl
727 1679 852 1744 dmeom
874 1679 973 1744 mare
995 1680 1117 1744 roderet

100 1767 150 1832 ael
171 1771 322 1851 enataret,
349 1769 423 1832 dam
447 1768 509 1832 leat
531 1768 646 1850 impeto
669 1767 792 1850 iudicer,
813 1767 864 1832 cel
887 1767 1017 1832 sommis
1037 1768 1115 1848 ptoc-

102 1855 183 1920 trac
206 1856 302 1920 aare
324 1856 466 1920 emicaret
487 1859 657 1939 emercaret,
680 1856 754 1920 dam
771 1855 895 1921 oseem
912 1855 996 1921 salba
1017 1855 1114 1920 cable-

101 1947 207 2008 uotcr.
245 1942 398 2007 tondendi
422 1944 557 2007 uerbum
580 1942 715 2007 radendi
737 1942 975 2027 significatione
994 1943 1051 2026 uti,
1074 1967 1116 2009 ex

102 2033 215 2096 nostro
234 2030 307 2095 loco
326 2031 395 2096 solo
416 2034 549 2096 sumunt
570 2031 827 2115 inprobabiliter,
851 2032 1009 2116 siquidem
1028 2035 1115 2096 testa

102 2118 188 2183 radit
203 2118 335 2183 dorsum
351 2119 451 2184 maris
468 2119 569 2204 plani,
587 2119 644 2184 sed
663 2141 736 2185 cum
756 2119 906 2185 fluctibus
921 2142 1115 2186 concurrens

101 2207 150 2272 ita
183 2206 356 2272 conliditur
387 2211 424 2272 ut
455 2207 575 2272 exiliat
616 2230 729 2273 uerum
760 2208 861 2293 igitur
894 2211 944 2272 est
971 2207 1115 2274 ‘tunsis'.

101 2296 158 2360 illa
182 2298 292 2360 autem
316 2296 477 2380 quaestio,
507 2296 592 2361 sitne
615 2301 683 2361 tam
706 2295 775 2360 ‘uel
799 2294 959 2361 enataret'
984 2300 1115 2362 auctore

101 2383 262 2449 Bursiano
287 2405 384 2469 qnam
402 2383 605 2470 ‘emergeret’
624 2406 696 2451 curn
711 2385 861 2450 Wowero
882 2385 975 2450 obelo
997 2390 1113 2450 notan·

101 2473 190 2551 dum,
222 2493 287 2537 non
316 2473 364 2537 ita
392 2473 533 2538 difficilis
562 2479 610 2538 est
637 2473 677 2539 ad
706 2472 908 2539 soluendum.
948 2495 1024 2539 nam
1052 2475 1114 2538 etsi

100 2582 212 2624 uerum
232 2563 291 2646 est,
314 2561 472 2645 asyndeto
492 2562 663 2626 bimembri
685 2583 751 2628 non
769 2562 818 2626 uti
836 2560 1021 2645 Minucium,
1045 2584 1114 2626 sen-

100 2648 204 2713 tentia
226 2652 337 2713 tamen
359 2649 414 2714 hic
437 2650 552 2714 uitium
575 2650 685 2734 potius
710 2672 805 2734 qnam
825 2650 1022 2734 glossemata
1041 2651 1115 2716 sub

101 2758 171 2802 esre
190 2737 365 2802 clarissime
384 2738 499 2821 aperit.
526 2738 644 2802 emicat
662 2738 749 2802 enim
768 2740 854 2802 testa
870 2759 944 2803 cum
962 2737 1114 2803 fluctibus

102 2824 286 2890 conflictata
316 2825 542 2892 tantummodo
571 2826 684 2909 semel,
712 2829 749 2890 ut
774 2830 862 2891 recte
890 2826 1019 2911 quidem
1046 2848 1114 2893 non

100 2913 244 2997 potuerit
270 2915 363 2998 pergi
392 2914 457 2980 nisi
476 2914 536 2978 ita
564 2913 610 2979 ‘et
635 2935 733 2996 porro
763 2914 895 2979 adsiduo
925 2915 1010 2979 saltu
1038 2916 1115 2980 sub-

101 3000 283 3066 leuaretur'.
325 3024 397 3066 cum
425 3002 525 3088 igitur
552 3002 750 3068 desideretur
781 3002 922 3067 medium
953 3002 1114 3087 quoddam

100 3090 276 3174 uinculum,
299 3090 333 3154 in
355 3112 436 3155 uoce
459 3089 659 3177 ‘emergeret'
683 3092 826 3156 litteram
844 3091 880 3156 M
899 3113 937 3155 ex
959 3090 1014 3154 TP
1037 3113 1113 3157 con·

100 3179 211 3243 fletam
241 3199 311 3243 esse
341 3200 464 3244 censeo.
506 3181 591 3245 unde
618 3183 752 3264 propter
778 3180 812 3244 id
840 3180 925 3265 quod
953 3179 1112 3245 Minucius

101 3267 246 3351 sequitur
275 3268 515 3351 aequabilitatis
543 3269 686 3334 studium
708 3289 811 3352 neque
833 3270 923 3352 prius
948 3267 1017 3333 ‘uel
1040 3290 1113 3334 ena-

100 3355 201 3420 taret'
226 3354 309 3419 abici
337 3356 444 3439 debet,
473 3359 558 3440 quod
581 3357 797 3423 Dombartum
823 3362 965 3440 secutus,
988 3357 1042 3440 qui
1067 3356 1113 3421 ‘et

99 3444 191 3508 uelut
213 3443 357 3508 nataret'
381 3445 540 3529 noluerat,
563 3467 678 3512 sanare
701 3446 817 3510 studui.

167 3554 192 3597 c.
220 3533 255 3618 4,
279 3532 300 3597 3
331 3554 394 3616 quo
420 3534 455 3598 in
483 3539 510 3599 te
535 3537 673 3602 lacteolas
700 3534 876 3616 obicrqoait
900 3535 1113 3618 aepleqcatioe.
