2430 3938
140 216 192 272 XX
437 213 608 270 nononis
626 212 844 270 PRAEFATIO.

143 381 245 445 genus
269 361 391 446 opponi
413 362 520 444 putas,
542 359 643 424 uerba
666 359 711 425 ‘in
735 359 1019 425 contubernalibus
1043 360 1151 445 dispu-

142 448 223 514 tare'
243 471 350 514 carere
370 471 407 514 eo
426 449 497 531 ipso
516 448 686 531 uocabulo,
705 470 768 532 quo
783 448 845 512 hoo
859 448 930 511 leue
945 450 978 512 et
992 449 1152 514 abiectum

143 558 246 623 genus
265 542 413 603 accurate
432 536 628 622 designetur,
649 537 729 601 mihi
748 536 904 602 concedas
924 540 1061 620 oportet,
1080 559 1152 602 cum

143 627 334 710 praesertim
357 626 499 711 primum
521 625 617 691 colon
641 625 680 690 ‘si
702 626 809 709 placet
829 628 867 688 nt
886 624 1060 711 disputem'
1079 647 1153 689 ean·

144 714 217 778 dem
245 714 497 798 disputationem
524 713 781 800 philosophicam
808 713 931 778 innuat.
978 714 1152 779 statuimus

145 802 255 886 igitur,
279 804 416 867 alterum
440 801 629 886 ‘disputare'
653 824 692 866 ex
709 803 816 886 priore
835 800 1021 886 ‘disputem'
1040 805 1154 866 natum

144 912 228 974 esse,
252 912 311 975 pro
335 911 399 975 quo
421 891 608 956 recordatus
632 912 742 955 eorum
766 911 848 973 quae
870 890 905 954 in
928 889 1044 975 capitis
1063 891 1154 954 tertii

143 978 238 1042 initio
267 978 422 1062 leguntur
449 978 651 1042 ‘desiderare’
680 979 845 1062 rescripsi;
878 985 929 1043 ost
955 982 1063 1042 alitem
1092 978 1154 1044 ‘sa-

143 1066 323 1150 pientiam',
347 1071 462 1152 sponte
481 1071 518 1132 ut
537 1071 681 1152 apparet,
705 1088 875 1132 commune
895 1067 1056 1132 obiectum
1074 1066 1169 1132 utri-⁴

145 1177 246 1240 usque
269 1155 367 1220 uerbi.

211 1264 237 1308 c.
255 1243 286 1327 5,
301 1244 324 1309 4
342 1248 476 1325 ccpcrtcs
493 1244 611 1308 artium
628 1244 722 1308 etium
740 1244 946 1308 sordidarum.
983 1242 1041 1307 alii
1060 1242 1155 1307 aliter

145 1353 217 1396 cum
240 1332 292 1395 his
316 1333 438 1396 uellent
460 1332 563 1397 lucem
583 1331 717 1414 adferre,
740 1331 821 1396 mihi
841 1332 881 1395 ab
900 1331 973 1414 ipsa
993 1331 1155 1395 sententia

145 1418 286 1486 Caecilio
304 1420 440 1505 indigna
459 1420 500 1484 ad
518 1442 630 1485 uerum
644 1419 872 1484 inuenientium
886 1419 1155 1503 proficiscendum

144 1508 282 1576 uidetur.
318 1531 395 1574 nam
418 1513 455 1573 ut
478 1512 547 1573 erat
570 1509 750 1574 communis
773 1511 843 1572 tum
867 1507 985 1592 opinio,
1008 1508 1155 1572 christia-

146 1619 205 1661 nos
229 1619 332 1683 nequo
355 1596 588 1683 philosophicis
613 1597 729 1660 studiis
749 1617 854 1681 neque
874 1597 1005 1661 omnino
1023 1596 1156 1660 institu-

146 1685 417 1750 tione-litteraria
439 1706 509 1749 esse
531 1685 672 1769 inbutos,
693 1685 741 1749 ita
765 1683 894 1749 eosdem
917 1688 1046 1750 tantum
1068 1687 1156 1750 artes

147 1773 292 1838 sordidas
320 1774 465 1858 profiteri
492 1795 587 1838 nemo
615 1773 680 1837 nisi
708 1777 818 1857 aperte
841 1774 997 1838 mentitus
1021 1777 1156 1838 conten-

147 1861 221 1925 dere
244 1863 365 1944 potuit,
392 1861 535 1926 omnium
561 1861 693 1925 minime
716 1863 941 1945 praesentibus
965 1861 1098 1927 Octauio
1123 1866 1158 1927 et

50 1961 53 1964 ’
146 1947 288 2014 Minucio
312 1947 483 2026 Caecilius.
528 1947 579 2013 ‘ex
601 1948 705 2033 partc’
729 1951 797 2014 erui
819 1971 859 2013 ex
881 1947 1061 2034 ‘expertes'.

235 2058 260 2102 c.
288 2037 323 2121 5,
352 2039 371 2103 8
403 2039 617 2103 elementorum
648 2043 684 2103 ut
713 2039 894 2104 uotuutcrcu
926 2039 1072 2104 concretio
1104 2045 1156 2105 est.

147 2125 284 2209 paruula
303 2147 367 2191 uox
386 2125 445 2190 ‘ut’
459 2125 528 2191 'dici
546 2127 660 2211 nequit
679 2130 802 2212 quanta
820 2127 970 2192 excitarit
987 2127 1157 2194 molimina

146 2213 314 2279 doctorum
337 2217 394 2279 aut
416 2214 590 2280 dolentium
614 2218 671 2280 aut
694 2215 728 2280 in
749 2215 860 2280 ‘uelut'
881 2217 949 2280 siue
967 2215 1002 2279 in
1020 2214 1156 2300 ‘utique'

147 2305 352 2369 mutantium.
389 2302 465 2388 quid
489 2303 574 2388 quod
598 2305 654 2390 qui
676 2302 918 2370 ‘inuoluntaria'
943 2307 976 2368 et
996 2303 1156 2369 'fortuita’

146 2394 180 2454 et
211 2390 358 2457 ‘fortuita
390 2395 446 2457 aut
473 2390 676 2458 'uoluntaria'
708 2394 930 2479 excogitarent
957 2392 1183 2458 extiterunt‘l'

147 2499 208 2562 ego
236 2501 314 2545 uero
344 2485 420 2565 post
448 2498 595 2566 eaquae
622 2484 642 2562 ξ
667 2482 684 2546 7
714 2482 860 2565 exposita
888 2485 965 2546 sunt
993 2481 1157 2547 abundare

147 2568 349 2633 uoluntariae
373 2570 587 2635 concretionis
611 2570 807 2635 mentionem
830 2573 910 2654 puto
933 2569 1082 2654 idemque
1106 2570 1158 2634 de·

148 2655 254 2722 sidero
277 2657 311 2720 id
334 2659 419 2740 quod
437 2660 606 2742 proprium
625 2662 675 2724 ost
693 2656 834 2724 Caecilii.
872 2658 928 2742 qui
946 2658 1158 2742 philosopho·

147 2766 219 2808 rum
242 2745 281 2809 de
304 2746 399 2811 rebus
421 2746 571 2812 humanis
591 2747 709 2811 iudicia
726 2747 916 2811 uerisimilia
934 2746 1040 2831 magis
1059 2769 1159 2831 quum

147 2854 226 2897 uera
248 2835 446 2900 existumans
471 2834 613 2900 studiose
635 2838 682 2899 ita
705 2835 850 2920 loquitur
867 2838 905 2900 ut
923 2836 998 2918 quid
1018 2834 1056 2899 de
1074 2835 1158 2919 phy·

148 2922 288 2987 sicorum
320 2924 450 3007 placitis
482 2927 606 2988 statuat
637 2924 733 2989 simul
763 2923 895 3010 indicet,
929 2924 968 2990 cf.
997 2926 1017 3004 ἓ
1043 2924 1061 2987 7
1094 2925 1162 2989 siut

142 3010 300 3093 pmuupc'o
327 3049 369 3060 -—
398 3013 463 3078 siut
488 3012 628 3094 fortuitis
655 3014 919 3079 concursionibus:
952 3011 1159 3078 concedentis

149 3104 181 3161 et
209 3099 262 3163 bis
291 3100 498 3184 opinionibus
525 3101 559 3164 in
586 3123 655 3165 rem
683 3123 777 3165 suam
804 3103 926 3166 utentis
950 3105 1026 3166 sunt
1048 3102 1159 3166 uerba.

148 3187 232 3252 unde
260 3210 333 3252 eum
360 3189 462 3254 uerba
491 3190 525 3253 in
553 3189 706 3254 lemmate
734 3188 896 3273 adscripta
923 3212 983 3274 pro
1011 3209 1046 3252 re
1070 3193 1160 3254 certa

149 3279 245 3361 atque
269 3276 438 3361 explorata
456 3277 612 3361 posuisse,
634 3278 838 3362 inprobabile
858 3279 953 3362 duco;
976 3279 1075 3342 immo
1096 3279 1159 3342 sibi

149 3370 304 3430 constans
328 3364 387 3444 sic,
410 3367 445 3430 ni
467 3365 572 3450 fallor,
595 3367 676 3431 dixit
699 3367 953 3450 ‘elomentorum
976 3371 1012 3430 ut
1034 3367 1160 3449 uolunt,

148 3454 242 3519 uaria
264 3454 428 3519 concretio
451 3454 522 3519 est’.
558 3455 712 3520 nimirum
736 3454 784 3519 ‘ut
806 3454 932 3520 uolunt'
955 3455 1082 3539 physici
1103 3452 1159 3539 (cf.

151 3560 176 3605 c.
195 3542 248 3627 34,
266 3541 311 3628 6),
335 3541 447 3608 ‘uaria’
472 3544 514 3610 ob
539 3543 728 3609 animalium
751 3544 953 3610 uarietatem.
