2430 3938
137 204 178 267 12
245 168 257 185 “
490 201 635 257 nruuon
652 200 790 257 rancis

134 349 288 414 humanis
319 349 398 414 cibis
421 371 486 413 non
511 369 601 413 sacro
626 346 778 431 quodam,
809 345 863 409 sed
887 345 1014 428 piaculo
1038 346 1148 414 foede-

135 442 256 502 rantur.
293 438 456 502 latebrosa
478 442 510 501 et
528 436 673 521 lucifuga
689 435 790 517 natio,
809 435 843 496 in
862 435 1026 517 publicum
1046 442 1148 522 muta,

134 528 170 591 in
199 529 325 612 angulis
353 526 497 611 garrula:
524 526 647 608 templa
674 527 711 588 ut
738 524 835 587 busta
857 522 1040 607 defugiunt,
1068 527 1148 594 deos

100 632 116 681 5
136 616 307 700 despuunt,
331 615 436 679 rident
460 636 561 697 sacra,
584 614 777 691 miserentur
801 609 941 697 (miseris
964 613 993 676 si
1010 612 1061 678 fas
1082 615 1148 702 est)

136 705 348 786 sacerdotum,
372 704 511 767 honores
536 706 569 766 et
591 723 750 785 purpuras
770 700 952 783 despiciunt
968 701 1033 784 ipsi
1051 705 1148 769 semi·
1174 726 1187 767 a

135 794 222 857 nudi.
260 814 318 876 pro
342 792 424 855 mira
447 791 591 855 stultitia
614 794 646 855 et
668 788 868 854 incredibilis
888 789 1034 854 audacia!
1059 814 1148 875 sper·

135 885 217 944 nunt
246 883 409 944 tormenta
441 879 641 964 praesentia,
673 879 750 942 dum
781 879 905 942 incerta
936 882 1086 944 metuunt
1116 886 1150 946 et

135 969 260 1046 futura,
292 972 339 1049 el,
372 968 448 1032 dum
476 969 560 1033 mori
587 972 663 1051 post
690 970 828 1031 mortem
856 967 986 1050 timent,
1016 969 1149 1036 interim

136 1059 218 1122 mori
241 1078 307 1121 non
331 1057 463 1120 timent:
486 1059 533 1121 ita
556 1056 620 1120 illis
644 1077 798 1140 pauorem
821 1055 922 1119 fallax
945 1078 1019 1139 spes
1041 1060 1150 1123 solata

95 1146 117 1211 9
135 1147 203 1210 uita
223 1146 369 1210 rediuiua
387 1146 560 1210 blanditur.
597 1167 634 1210 ac
652 1146 727 1226 iam,
750 1152 787 1208 ut
805 1144 972 1208 fecundius
990 1148 1150 1230 nequiora
1162 1171 1187 1211 ro

135 1235 345 1318 proueniunt,
374 1235 580 1317 serpentibus
609 1235 644 1297 in
671 1234 739 1297 dies
762 1232 898 1318 perditis
922 1234 1066 1299 moribus
1090 1259 1150 1320 per

135 1324 322 1387 uniuersum
351 1323 460 1387 orbem
491 1323 633 1387 sacraria
656 1324 721 1387 ista
743 1321 933 1386 taeterrima
955 1323 1075 1406 impiae
1098 1346 1150 1390 co·

136 1412 248 1476 itionis
273 1411 471 1477 adolescunt.
508 1412 648 1476 eruenda
671 1433 806 1493 prorsus
830 1411 911 1475 haec
935 1415 967 1475 et
988 1414 1149 1479 enecanda

100 1518 115 1565 2
136 1501 314 1565 consensio.
352 1501 485 1564 occultis
510 1522 544 1565 se
566 1500 654 1564 notis
675 1503 708 1563 et
724 1500 906 1583 insignibus
925 1499 1097 1567 dinoscunt
1116 1507 1149 1567 et

136 1592 248 1653 amant
270 1592 383 1654 mutuo
403 1611 505 1672 paene
525 1596 698 1672 antequam
717 1589 882 1671 nouerint3
906 1591 1028 1671 passim
1047 1591 1148 1657 etiam
1162 1612 1185 1654 ra

134 1677 220 1742 inter
243 1700 298 1742 eos
319 1678 410 1743 uelut
428 1678 585 1761 quaedam
605 1678 775 1741 libidinum
794 1677 908 1762 religio
928 1677 1091 1760 miscetur,
1106 1700 1149 1746 'ac

136 1789 170 1830 se
193 1768 352 1849 promisce
376 1767 543 1849 appellant
567 1766 683 1830 fratres
708 1770 740 1829 et
764 1787 901 1847 sorores,
925 1769 961 1830 ut
984 1768 1083 1832 etiam
1103 1771 1149 1835 sic

135 1855 279 1919 insolens
308 1859 455 1938 stuprum
482 1856 711 1919 intercessione
740 1856 823 1920 sacri
850 1854 990 1920 nominis
1018 1857 1078 1922 fiat
1100 1858 1149 1922 in-

137 1947 270 2009 cestum.
316 1943 363 2006 ita
386 1965 497 2007 eorum
521 1965 605 2008 uana
628 1947 661 2008 et
684 1944 814 2007 demens
839 1944 1027 2027 superstitio
1051 1948 1148 2012 scele-

101 2049 116 2096 3
136 2031 226 2095 ribus
251 2031 419 2116 gloriatur.
455 2053 514 2096 nec
538 2032 576 2095 de
600 2032 690 2116 ipsis,
712 2034 778 2097 nisi
801 2033 993 2098 subsisteret
1017 2035 1147 2118 ueritas,
1161 2057 1185 2096 eo

136 2121 276 2185 maxime
305 2121 416 2204 turpia
444 2120 625 2185 ethonore
652 2121 829 2204 praefanda
858 2141 959 2204 sagax
986 2122 1074 2188 fama
1102 2125 1147 2189 lo·

136 2214 293 2292 queretur.
322 2208 418 2273 audio
447 2231 502 2274 eos
525 2210 734 2292 turpissimae
757 2210 888 2294 pecudis
913 2214 1009 2293 caput
1034 2213 1146 2294 [asini]

136 2302 359 2363 consecratum
388 2298 499 2381 inepta
525 2298 635 2362 nescio
664 2320 728 2382 qua
755 2300 963 2381 persuasione
987 2302 1148 2366 uenerari:

99 2403 117 2451 4
137 2386 235 2471 digua
257 2391 290 2450 ct
311 2392 389 2451 nata
412 2387 528 2472 religio
552 2387 673 2452 talibus
697 2388 855 2452 moribus!
880 2388 936 2451 alii
959 2409 1015 2453 eos
1038 2388 1148 2454 ferunt

209 2638 222 2684 1
242 2631 402 2686 foederatur
420 2630 558 2686 Votienus
571 2633 610 2701 112
630 2631 773 2702 lucifugax
791 2637 820 2698 P,
839 2648 907 2687 corr.
928 2633 962 2687 Ρ.
977 2633 1082 2690 Daniel
1098 2638 1103 2704 1
1119 2637 1148 2691 in

135 2703 247 2773 publico
262 2704 302 2756 ei.
314 2720 358 2770 pr.
373 2705 412 2772 13
428 2702 460 2756 ut
472 2701 567 2772 busta]
583 2705 695 2757 uetusta
709 2703 843 2757 Usenerus
858 2707 862 2771 1
879 2702 1025 2774 defugiunt
1034 2709 1149 2777 scripsi:

136 2773 296 2842 despiciunt
308 2779 328 2826 P
342 2776 382 2842 114
401 2773 509 2828 miseris
528 2775 641 2842 serpsi:
660 2774 753 2827 miseri
768 2779 788 2826 P
806 2773 901 2828 miseri
919 2774 974 2844 ipsi
992 2777 1126 2833 Halmius

137 2851 152 2899 6
172 2846 243 2898 mira
261 2862 294 2899 ex
312 2845 411 2899 miram
431 2862 509 2911 corr„
527 2851 559 2899 ul
576 2847 643 2912 uici,
663 2851 682 2896 P
699 2848 703 2912 1
723 2845 894 2900 incredibilis
912 2847 943 2901 iu
962 2845 995 2900 -li
1012 2864 1081 2902 corr.
1101 2856 1121 2903 P
1138 2780 1149 2923 ll

137 2922 161 2985 7,
173 2921 188 2970 8
204 2920 233 2969 et
246 2915 342 2969 futura
355 2917 427 2970 obelo
441 2917 679 2981 10111Π1111111;
693 2918 815 2986 equidem
828 2918 922 2971 malim
936 2918 1003 2971 dum
1016 2919 1150 2976 incendia

135 2988 264 3040 metuunt
278 2986 415 3058 futurall9
432 2986 523 3041 solata
537 2987 597 3040 uita
605 2989 706 3056 scripsi
716 2990 813 3057 (supra
825 3004 853 3056 p.
863 2987 978 3056 XXllD:
994 2989 1100 3046 solacia
1110 2999 1130 3044 P
1139 2992 1150 3065 11

137 3064 169 3110 12
188 3057 334 3111 teterrima
352 3063 372 3110 P
390 3059 398 3126 11
419 3063 450 3110 13
471 3059 612 3112 execanda
630 3060 658 3114 Ι.
677 3059 703 3114 Ι.
725 3058 939 3114 Cornelisscuus:
959 3063 1149 3117 execrandaP

135 3131 205 3183 baec
230 3129 385 3182 execranda
408 3129 542 3184 Useuerus
564 3132 573 3199 11
598 3135 631 3183 14
649 3130 798 3184 dinoscunt
815 3132 916 3199 scripsi
933 3132 992 3185 coll.
1012 3149 1034 3186 c.
1054 3138 1098 3201 31,
1118 3140 1149 3190 8:

135 3203 254 3254 noscunt
268 3205 287 3250 P
300 3201 310 3268 11
325 3205 358 3254 lo
377 3200 461 3254 uelud
476 3204 496 3251 P
509 3203 519 3268 1
534 3206 566 3254 17
587 3200 625 3254 sic
640 3203 741 3269 scripsi
757 3204 853 3270 (supra
867 3218 897 3270 p.
912 3201 1013 3271 XXV):
1034 3206 1150 3278 111Ρ11

136 3276 170 3324 20
189 3269 250 3323 istis
265 3270 423 3339 Sauppius;
442 3276 472 3325 at
490 3273 523 3338 cf.
540 3273 577 3326 acl
595 3289 617 3326 c.
633 3272 778 3340 314121
794 3273 913 3327 maxime
927 3272 1023 3342 turpia
1034 3277 1149 3344 scripsi:

136 3340 259 3395 maxima
282 3345 310 3394 et
333 3340 412 3395 uaria
429 3347 463 3408 P,
486 3343 535 3396 loc
558 3348 596 3396 esi
619 3343 757 3397 maximae
777 3343 869 3398 tuaria
888 3344 1021 3412 (maxime
1039 3346 1151 3402 nefaria

136 3414 168 3466 P.
189 3412 294 3466 Dauiel
314 3411 437 3465 maxima
457 3412 566 3481 flagitia
590 3414 804 3482 Useuerus)1121
824 3416 993 3483 praefandus
1013 3418 1038 3485 (s
1055 3421 1150 3488 erasa)

134 3488 167 3549 P;
191 3482 296 3538 honore
315 3485 442 3553 praelato
462 3483 509 3537 uix
528 3483 639 3537 effanda
663 3485 809 3552 Useuerus‚
828 3502 874 3553 epo
893 3488 1015 3555 copilaui
1033 3489 1066 3543 ‹le
1085 3490 1150 3543 bor·

135 3571 197 3610 rore
217 3556 371 3609 execranda
389 3556 448 3609 coll.
468 3571 489 3609 e.
510 3560 553 3622 28,
573 3556 659 3623 61122
680 3556 752 3609 asini
769 3557 879 3612 seclusit
896 3557 1044 3614 Duuisius.
