2430 3938
97 209 176 265 XXII
401 208 571 265 EDITORIS
589 207 805 265 PRAEFATIO.

98 355 204 507 pontit
230 354 353 506 uocarid
368 353 524 439 ‘incerta',
551 355 634 506 ipsal
651 356 762 506 tamep
778 353 1038 507 lpippoositiolihoe
1060 375 1113 507 rep

100 466 193 595 ,tu
218 463 347 615 ,tlt
355 463 1112 616 tumult,‘'llatssbrtlsst·,tl

99 620 223 703 spicere
251 642 317 685 non
345 620 435 698 licet,
465 623 522 684 ant
549 619 658 684 omnia
682 620 716 683 in
738 618 835 682 rebus
858 617 1011 683 humanis
1035 623 1114 684 sunt

98 709 221 773 ineerta
240 707 338 773 dubia
355 729 520 791 suspensa.
555 729 622 772 non
639 707 802 771 intellexit
817 707 1035 772 necessarium
1048 707 1113 773 hoc

99 818 233 862 acumen
246 796 349 861 lector
365 797 527 880 antiquus,
545 795 600 880 qui
614 794 668 860 hic
683 817 810 880 quoque
823 795 976 860 uocabuli
990 794 1111 861 ‘nobis'

98 884 322 950 conlocatione
352 885 506 969 deeeptus
535 882 679 949 ‘ineerta'
705 904 765 969 pro
794 905 831 947 eo
860 883 946 967 quod
973 887 1023 948 est
1050 883 1113 948 Mi·

97 973 185 1037 nucii
214 971 326 1037 ‘certa'
353 972 507 1057 reposuit.
553 972 638 1037 idem
661 975 769 1037 autem
793 992 866 1037 cum
888 994 964 1036 mox
987 994 1012 1037 c.
1036 973 1067 1054 6,
1093 975 1111 1037 1

97 1061 222 1145 legeret
249 1060 319 1125 ‘aut
347 1061 479 1127 fortuna
501 1062 627 1125 ineerta
654 1065 711 1125 aut
738 1060 861 1125 ineerta
889 1059 1017 1124 nature'
1048 1058 1113 1147 (sic

99 1150 185 1214 enim
208 1149 384 1214 secundum
406 1152 610 1214 constantem
629 1148 763 1213 Minucii
781 1169 875 1213 usum
893 1148 1112 1236 restituimus)

98 1258 202 1321 neque
221 1237 426 1323 intellegeret
438 1241 579 1302 mentem
595 1237 770 1322 scriptoris,
787 1237 956 1301 librarium
970 1240 1112 1304 fortasse

98 1326 236 1478 litt?
252 1323 1113 1499 trtttilltllfliltttttdtblial*

98 1505 152 1567 tus
175 1503 338 1568 coniceret
361 1502 507 1569 ‘fortuna
529 1501 646 1587 eaeoa',
669 1503 790 1567 oblitus
811 1505 861 1567 est
879 1504 963 1567 male
982 1503 1028 1567 sic
1046 1503 1112 1569 dici

98 1591 263 1657 fortunam
287 1592 416 1677 legibus
440 1594 588 1658 solutam.

163 1701 190 1744 c.
213 1681 243 1758 6,
269 1681 287 1745 1
315 1683 397 1765 deos,
424 1701 499 1764 quos
526 1702 547 1745 o
572 1679 751 1762 parentebus
777 1683 849 1744 oute
870 1679 996 1744 inbutus
1019 1699 1050 1745 es
1074 1681 1111 1745 a

96 1788 177 1832 aare
204 1789 300 1850 quom
326 1789 414 1834 nosse
439 1770 647 1849 familiarius,
680 1769 821 1834 adorare.
865 1767 942 1852 quid
969 1767 1031 1832 hoo
1060 1773 1111 1834 est

97 1857 188 1920 noni:
215 1860 367 1940 parentes
391 1857 459 1921 siue
483 1858 623 1922 maiores
646 1860 680 1920 te
704 1857 882 1921 docuerunt
903 1856 1045 1939 primum
1068 1858 1111 1922 ti-

100 1965 198 2023 mere,
224 1944 339 2008 deinde
361 1965 458 2009 nosse
482 1944 674 2010 familiarius
698 1942 798 2009 deos?
845 1944 934 2009 cuius
957 1943 1110 2011 dictionis

97 2031 204 2097 ‘nosse
236 2031 442 2097 familiarius'
470 2033 504 2097 in
535 2033 656 2097 malum
683 2035 809 2117 partem
838 2032 1112 2118 significationem

96 2119 193 2185 facile
220 2119 323 2186 disces
351 2142 389 2185 ex
418 2143 443 2186 o.
467 2121 497 2206 5,
521 2121 557 2206 5;
587 2125 621 2186 et
649 2121 690 2186 ad
717 2121 796 2184 illud
824 2119 913 2184 ‘anto
936 2119 1045 2203 quam'
1070 2122 1110 2189 cf.

100 2230 127 2275 c.
149 2209 202 2294 27,
226 2209 256 2273 8.
299 2207 383 2274 nihil
410 2213 518 2274 autem
544 2213 694 2296 parentes
718 2208 894 2273 docuerunt
917 2230 1014 2294 quam
1038 2210 1112 2275 deo-

99 2319 172 2363 rum
196 2299 335 2381 metum,
359 2298 500 2364 minores
521 2299 587 2364 iam
606 2298 708 2364 adulti
727 2296 855 2382 alioque
873 2300 1018 2381 tempore
1036 2320 1111 2382 pro·

99 2385 193 2470 gnati
212 2408 271 2451 aue
289 2391 404 2470 sponte
421 2409 517 2453 nosse
537 2387 613 2452 deos
628 2408 708 2472 quos
723 2387 841 2451 timent
855 2385 996 2469 cupiunt
1025 2388 1111 2471 quod

98 2475 167 2539 fieri
191 2475 240 2539 ita
262 2479 366 2560 uetat,
393 2480 472 2560 puto
479 2474 685 2559 ,oanoiliusr
713 2474 840 2538 ‘melius
864 2523 925 2540 ...
948 2475 1025 2539 deos
1049 2525 1111 2542 ...

99 2563 234 2627 adorare
253 2584 349 2647 quam
367 2585 465 2629 nosse
483 2562 698 2647 familiarius',
722 2562 784 2627 hoc
803 2566 862 2645 est,
885 2563 1057 2647 persistere
1076 2566 1111 2629 in

99 2651 231 2718 deorum
261 2656 348 2716 metu
377 2673 396 2716 a
424 2652 614 2735 parentibus
641 2653 770 2736 ingesto
798 2672 895 2735 quem
921 2653 955 2715 in
983 2673 1038 2717 eos
1062 2653 1111 2717 in·

100 2740 235 2824 quirere.
281 2739 368 2824 quod
395 2762 492 2824 quam
519 2761 594 2804 uere
623 2761 643 2804 a
670 2761 722 2803 me
750 2739 950 2823 disputatum
979 2744 1012 2804 et
1041 2761 1111 2806 cor·

98 2831 223 2893 rectum
243 2829 294 2909 sit,
313 2828 458 2892 ostendit
477 2827 605 2892 Octauii
623 2828 664 2892 ad
682 2827 763 2892 haec
780 2827 948 2910 responsio
968 2849 994 2892 c.
1012 2828 1067 2912 24,
1080 2831 1111 2895 2.

166 2916 244 2980 ibid.
267 2915 378 2982 Gallos
394 2916 598 3000 Mercurium,
620 2916 800 2982 actuosam
819 2915 985 2981 Rernaaos.
1020 2937 1112 3001 aper-

98 3007 171 3069 tum
194 3002 280 3088 quod
298 3004 433 3070 Minucii
455 3005 556 3068 uerba
579 3008 810 3071 contraxerunt
832 3006 984 3069 damnum
1007 3024 1112 3069 resar-

98 3093 164 3158 cire
194 3092 327 3158 student
349 3093 520 3178 inserendo
544 3092 700 3158 ‘numina'
724 3099 799 3157 ante
823 3090 998 3156 ‘uniuersa'
1022 3093 1112 3158 simi-

98 3181 249 3266 libusque
272 3181 431 3265 remediis,
455 3202 527 3245 cum
550 3185 660 3246 tamen
683 3183 790 3265 ipsum
815 3179 1024 3245 ‘uniuersam’
1044 3203 1112 3247 aus-

98 3274 227 3354 pectum
256 3269 316 3335 fiat
342 3270 554 3335 consideratis
582 3270 696 3336 ceteris
724 3270 819 3334 huius
848 3268 963 3352 capitis
992 3269 1112 3335 uerbis.

98 3359 183 3422 male
202 3359 288 3422 enim
308 3358 348 3422 ad
367 3359 564 3423 sententiam
582 3360 648 3424 iam
666 3358 921 3442 praecedentem,
943 3357 1111 3424 Romanos

99 3447 205 3512 colere
234 3447 458 3512 uniuersorum
481 3448 674 3531 populorum
698 3447 789 3530 deos,
818 3448 945 3528 spectet
968 3444 1001 3509 id
1025 3447 1112 3531 quod

99 3535 257 3600 subicitur
290 3534 368 3619 ‘sio’,
405 3535 521 3600 melius
553 3557 626 3600 oum
659 3533 729 3598 ‘sie'
763 3539 795 3599 et
827 3531 926 3598 ‘dum'
959 3534 1047 3600 inter
1078 3557 1113 3601 se
