2430 3938
131 208 174 271 14
485 207 628 263 MINUCII
646 206 784 262 FELICIS

129 354 326 418 conscientia
353 362 463 418 tamen
490 353 612 436 pariter
635 354 764 435 incesti,
792 352 945 436 quoniam
968 357 1048 418 uoto
1071 354 1143 419 uni-

129 464 296 508 uersorum
325 442 489 526 adpetitur
516 442 666 526 quicquid
695 442 838 507 accidere
864 445 973 525 potest
1003 441 1037 506 in
1065 446 1143 506 actu

78 529 341 616 lllsingulorum.
383 532 486 595 multa
513 534 681 614 praetereo
708 530 871 595 consulto:
899 535 1033 595 namet
1058 531 1144 597 haec

127 621 226 684 nimis
254 620 358 683 multa
381 623 470 702 sunt,
498 641 580 703 quae
604 624 660 684 aut
684 621 792 684 omnia
815 624 873 683 aut
894 620 1048 704 pleraque
1072 642 1142 684 om-

128 709 205 774 nino
229 731 307 773 uera
329 708 473 773 declarat
495 709 596 792 ipsius
619 730 740 793 prauae
758 708 927 791 religionis
948 709 1141 774 obscuritas.
1167 724 1181 765 5

93 815 184 863 asur
208 797 327 861 etenim
351 798 511 862 occultare
535 802 568 861 et
590 798 788 862 abscondere
811 797 963 880 quicquid
985 798 1066 862 illud
1089 819 1143 863 co·

128 885 201 949 lunt
224 905 420 970 magnopere
437 887 595 968 nituntur,
617 908 689 950 cum
709 887 846 950 honesta
866 907 991 969 semper
1009 887 1141 970 publico

128 975 301 1058 gaudeant,
320 976 440 1039 scelera
459 979 581 1040 secreta
601 976 688 1040 sint?
713 997 768 1039 cur
787 975 894 1039 nullas
914 997 988 1039 aras
1007 975 1142 1061 habent,

127 1063 251 1146 templa
273 1063 378 1147 nulla,
401 1063 491 1128 nulla
513 1069 593 1128 nota
617 1063 812 1128 simulacra?
841 1113 937 1128 .....
960 1085 1140 1148 numquam

127 1152 236 1235 palam
263 1152 365 1236 loqui,
392 1174 569 1237 numquam
598 1153 698 1217 libere
727 1153 929 1238 congregari,
957 1154 1020 1216 nisi
1047 1153 1141 1238 illud,
1155 1169 1180 1210 1⁰

127 1241 212 1323 quod
236 1242 348 1306 colunt
371 1244 404 1304 et
429 1241 673 1326 interprimunt,
703 1247 759 1305 aut
786 1242 984 1325 puniendum
1008 1245 1058 1306 est
1082 1247 1141 1306 aut

91 1329 332 1413 apudendum?
365 1329 449 1393 unde
482 1335 589 1394 autem
621 1331 674 1394 uel
707 1331 779 1414 quis
807 1331 862 1394 ille
891 1335 947 1395 eut
975 1330 1032 1394 ubi
1059 1331 1140 1395 deus

126 1418 240 1483 unicus
274 1418 438 1483 solitarius
472 1419 661 1501 destitutus,
694 1441 789 1503 quem
822 1441 887 1483 non
919 1439 998 1503 gens
1025 1420 1139 1502 libera,

125 1527 190 1571 non
214 1528 412 1593 regna„non
437 1508 554 1572 saltem
572 1507 722 1572 Romana
743 1508 930 1590 superstitio
949 1508 1137 1573 nonerunt?

89 1594 316 1661 4Iudaeorum
354 1597 424 1661 sola
456 1602 489 1661 et
520 1597 640 1662 misera
676 1596 845 1681 gentilitas
877 1618 977 1661 unum
1010 1600 1042 1660 et
1073 1597 1178 1679 ipsiu

125 1684 234 1770 deum,
267 1685 322 1750 sed
350 1687 474 1770 palam,
508 1685 562 1750 sed
590 1687 734 1769 templis,
761 1687 840 1768 aris,
867 1685 1008 1750 uictimis
1038 1687 1138 1750 caeri-

125 1774 307 1858 moniisque
328 1775 507 1852 coluerunt3
528 1775 618 1839 cuius
636 1775 716 1839 adeo
735 1774 825 1839 nulla
844 1775 893 1839 uis
913 1796 972 1838 nec
989 1776 1139 1858 potestas

125 1865 187 1944 est,
215 1867 251 1926 ut
279 1864 323 1926 sit
344 1862 500 1926 Romanis
528 1863 715 1928 hominibus
739 1886 812 1927 cum
836 1885 894 1928 sua
917 1864 980 1927 sibi
1002 1863 1138 1929 natione

90 1951 284 2032 scaptiuus.
330 1953 364 2014 at
396 1952 460 2015 iarn
495 1950 672 2016 Christiani
706 1957 828 2036 quanta
860 1957 1019 2033 monstra,
1055 1973 1137 2036 quae

124 2041 277 2121 portenta
308 2039 511 2123 confingunt!
549 2041 643 2105 deum
681 2041 774 2104 illum
807 2063 913 2124 suum,
950 2062 1044 2124 quem
1078 2063 1137 2107 nec
1151 2058 1176 2097 20

125 2128 294 2192 ostendere
312 2133 451 2211 possunt
469 2150 528 2193 nec
547 2129 664 2212 uidere,
686 2131 720 2194 in
741 2130 885 2194 omnium
905 2152 1020 2210 mores,
1044 2134 1136 2194 actus

124 2217 277 2301 omnium,
296 2219 435 2282 omnium
452 2217 552 2282 uerba
566 2217 701 2302 denique
716 2224 748 2283 et
763 2218 905 2283 occultas
920 2219 1136 2304 cogitationes

123 2305 296 2391 diligenter
325 2307 500 2391 inquirere:
531 2307 763 2372 discurrentem
793 2307 917 2372 scilicet
944 2312 1040 2393 atque
1068 2308 1136 2372 ubi-

124 2417 184 2477 que
217 2401 422 2478 praesentem
455 2397 629 2460 molestum
661 2397 753 2460 illum
781 2397 912 2480 uolunt,
944 2396 1136 2481 inquietum,

122 2482 307 2566 inpotenter
331 2484 429 2549 etiam
453 2485 624 2568 curiosum,
649 2486 806 2569 siquidem
827 2484 936 2549 adstat
953 2485 1047 2550 factis
1067 2508 1134 2550 cm·
1149 2501 1175 2542 2⁵

122 2572 231 2651 nibus,
259 2573 338 2637 locis
362 2574 511 2638 omnibus
535 2573 719 2652 intererrat,
749 2596 822 2638 cum
844 2595 903 2638 nec
927 2574 1063 2657 singulis
1086 2575 1134 2639 in-

194 2789 219 2851 4,
230 2787 245 2836 5
257 2782 369 2836 omnino
377 2783 488 2852 scripsi:
499 2783 655 2838 omnium?
663 2784 732 2838 delet
740 2784 872 2839 Halmius
881 2784 890 2855 ll
900 2789 917 2837 9
927 2785 1043 2838 lacunae
1052 2783 1134 2851 sipara

121 2855 216 2921 posui;
238 2855 421 2923 suppleverint
444 2869 493 2907 cur
510 2871 663 2922 numquam
684 2897 779 2910 .....
801 2854 907 2910 audent
924 2859 1000 2923 (post
1018 2869 1134 2923 congre-

121 2925 182 2993 gari
203 2924 337 2980 Gallonius
356 2925 501 2992 sustinent,
524 2926 639 2995 Maeblp
658 2929 723 2980 sunt
740 2926 795 2980 uisi
813 2928 931 2996 addunt)
946 2926 956 2995 l
971 2930 1003 2978 11
1023 2925 1134 2996 colunt]

121 2997 213 3050 celant
237 2997 369 3051 Useneras
386 2997 396 3063 11
415 3001 448 3050 15
471 2997 566 3051 malim
589 2996 698 3064 ludaei,
722 3015 840 3066 quorum
859 2998 919 3052 sola
938 3002 983 3066 (=-
1001 2997 1133 3062 dmolatu)

121 3069 150 3120 et
163 3083 199 3121 m.
215 3085 252 3136 g,
266 3085 352 3121 unum
366 3069 375 3136 l
390 3072 478 3134 16,17
493 3066 668 3136 cerimonisq.
683 3085 717 3124 ea
732 3068 890 3137 erimonisq.
906 3084 975 3124 corr.
990 3067 1133 3140 11118110-

120 3138 241 3192 minibus
259 3139 299 3194 ed.
318 3156 379 3207 pr„-
402 3139 561 3193 nominibus
579 3145 599 3192 1³
617 3139 778 3195 numinibus
798 3141 937 3195 Woweras
950 3141 960 3209 l
975 3145 1008 3193 19
1026 3142 1057 3193 at
1074 3138 1133 3192 iam

120 3208 282 3277 Sebefferus:
306 3210 342 3264 ad
366 3212 408 3278 (at
430 3210 510 3278 corr.)
535 3210 620 3265 etiam
639 3215 659 3262 P
684 3215 688 3279 l
713 3216 819 3280 quanta
837 3213 962 3266 monstra
980 3210 1133 3265 Daaisius:

119 3281 225 3348 quanti
244 3283 273 3350 (n
292 3296 360 3335 corr.
377 3282 409 3335 ia
422 3283 568 3349 m)n‘ra1’,
587 3283 660 3337 uude
674 3285 781 3337 mostra
794 3284 963 3339 commendat
981 3280 1134 3353 Usenerusss

119 3357 154 3405 22
173 3353 298 3407 omnium
317 3354 430 3420 addidi,-
447 3357 498 3406 aut
514 3354 592 3408 semel
611 3354 748 3424 (omnium
766 3371 857 3410 mores
876 3356 955 3410 actus
970 3354 1067 3421 uerba)
1082 3359 1134 3407 aut

118 3429 159 3478 ter
170 3425 327 3492 ponendam
337 3429 396 3478 erat
405 3423 543 3490 omnium3
557 3426 591 3491 cf.
603 3431 618 3491 ξ
629 3431 644 3479 2
654 3426 747 3480 nullas
756 3442 828 3494 aras,
838 3426 945 3495 temple
954 3425 1041 3491 nulla,
1053 3424 1132 3478 nulla

120 3495 270 3550 simulacra
291 3498 301 3565 ll
324 3500 357 3550 25
381 3493 542 3564 inpotenter
559 3498 672 3566 scripsi:
696 3495 864 3567 inpudenter
881 3503 901 3550 Ρ
920 3498 1019 3552 absorte
1037 3496 1132 3563 inpru-

119 3566 218 3622 denter
235 3568 268 3623 de
286 3566 383 3623 Rboer.
