<?xml version="1.0" encoding="UTF-8"?>
<!DOCTYPE html PUBLIC "-//W3C//DTD XHTML 1.0 Transitional//EN"
    "http://www.w3.org/TR/xhtml1/DTD/xhtml1-transitional.dtd">
<html xmlns="http://www.w3.org/1999/xhtml" xml:lang="en" lang="en">
 <head>
  <title>
</title>
<meta http-equiv="Content-Type" content="text/html;charset=utf-8" />
  <meta name='ocr-system' content='tesseract 3.04.00' />
  <meta name='ocr-capabilities' content='ocr_page ocr_carea ocr_par ocr_line ocrx_word'/>
</head>
<body>
  <div class='ocr_page' id='page_1' title='image "./mminuciifelicis00baehgoog/mminuciifelicis00baehgoog_0029.png"; bbox 0 0 2430 3938; ppageno 0'>
   <div class='ocr_carea' id='block_1_1' title="bbox 124 194 832 272">
    <p class='ocr_par' dir='ltr' id='par_1_1' title="bbox 124 194 832 272">
     <span class='ocr_line' id='line_1_1' title="bbox 124 194 832 272; baseline 0.003 -20"><span class='ocrx_word' id='word_1_1' title='bbox 124 195 214 252; x_wconf 78' lang='lat' dir='ltr'>xxiv</span> <span class='ocrx_word' id='word_1_2' title='bbox 418 195 598 272; x_wconf 68' lang='lat' dir='ltr'>¹uuirJorus</span> <span class='ocrx_word' id='word_1_3' title='bbox 616 194 832 254; x_wconf 71' lang='lat' dir='ltr'>pacurano.</span> 
     </span>
    </p>
   </div>
   <div class='ocr_carea' id='block_1_2' title="bbox 73 339 1150 3427">
    <p class='ocr_par' dir='ltr' id='par_1_2' title="bbox 92 339 1143 1924">
     <span class='ocr_line' id='line_1_2' title="bbox 126 339 1138 427; baseline 0.001 -22"><span class='ocrx_word' id='word_1_4' title='bbox 126 345 160 407; x_wconf 92' lang='lat' dir='ltr'>et</span> <span class='ocrx_word' id='word_1_5' title='bbox 187 341 335 406; x_wconf 80' lang='lat' dir='ltr'><strong>concedis</strong></span> <span class='ocrx_word' id='word_1_6' title='bbox 364 344 508 427; x_wconf 87' lang='lat' dir='ltr'>spectare</span> <span class='ocrx_word' id='word_1_7' title='bbox 537 339 624 405; x_wconf 77' lang='lat' dir='ltr'>‘illis&#39;</span> <span class='ocrx_word' id='word_1_8' title='bbox 654 344 723 405; x_wconf 90' lang='lat' dir='ltr'>tam</span> <span class='ocrx_word' id='word_1_9' title='bbox 751 341 793 406; x_wconf 87' lang='lat' dir='ltr'>ad</span> <span class='ocrx_word' id='word_1_10' title='bbox 821 339 951 406; x_wconf 72' lang='lat' dir='ltr'>‘solata&#39;</span> <span class='ocrx_word' id='word_1_11' title='bbox 975 341 1138 425; x_wconf 78' lang='lat' dir='ltr'>quemad</span> 
     </span>
     <span class='ocr_line' id='line_1_3' title="bbox 126 426 1137 515; baseline 0.001 -22"><span class='ocrx_word' id='word_1_12' title='bbox 126 429 313 494; x_wconf 77' lang='lat' dir='ltr'>‘blanditur&#39;</span> <span class='ocrx_word' id='word_1_13' title='bbox 342 426 416 515; x_wconf 89' lang='lat' dir='ltr'>(nec</span> <span class='ocrx_word' id='word_1_14' title='bbox 440 428 549 494; x_wconf 73' lang='lat' dir='ltr'>‘alicui</span> <span class='ocrx_word' id='word_1_15' title='bbox 572 429 680 513; x_wconf 89' lang='lat' dir='ltr'>aliqua</span> <span class='ocrx_word' id='word_1_16' title='bbox 705 450 739 492; x_wconf 92' lang='lat' dir='ltr'>re</span> <span class='ocrx_word' id='word_1_17' title='bbox 763 428 916 493; x_wconf 87' lang='lat' dir='ltr'>blandiri&#39;</span> <span class='ocrx_word' id='word_1_18' title='bbox 940 427 1093 494; x_wconf 89' lang='lat' dir='ltr'>abhorret</span> <span class='ocrx_word' id='word_1_19' title='bbox 1116 452 1137 494; x_wconf 89' lang='lat' dir='ltr'>a</span> 
     </span>
     <span class='ocr_line' id='line_1_4' title="bbox 124 514 1136 604; baseline 0 -22"><span class='ocrx_word' id='word_1_20' title='bbox 124 514 315 604; x_wconf 73' lang='lat' dir='ltr'>latinitate),</span> <span class='ocrx_word' id='word_1_21' title='bbox 337 517 422 582; x_wconf 90' lang='lat' dir='ltr'>idem</span> <span class='ocrx_word' id='word_1_22' title='bbox 447 539 525 582; x_wconf 91' lang='lat' dir='ltr'>num</span> <span class='ocrx_word' id='word_1_23' title='bbox 547 521 634 582; x_wconf 89' lang='lat' dir='ltr'>recte</span> <span class='ocrx_word' id='word_1_24' title='bbox 658 515 739 582; x_wconf 72' lang='lat' dir='ltr'>‘uita</span> <span class='ocrx_word' id='word_1_25' title='bbox 761 516 916 582; x_wconf 88' lang='lat' dir='ltr'>rediuiua&#39;</span> <span class='ocrx_word' id='word_1_26' title='bbox 936 517 1062 582; x_wconf 88' lang='lat' dir='ltr'>dicatur</span> <span class='ocrx_word' id='word_1_27' title='bbox 1080 518 1136 582; x_wconf 93' lang='lat' dir='ltr'>du·</span> 
     </span>
     <span class='ocr_line' id='line_1_5' title="bbox 125 604 1140 690; baseline -0.002 -18"><span class='ocrx_word' id='word_1_28' title='bbox 125 607 246 672; x_wconf 87' lang='lat' dir='ltr'>bitabis</span> <span class='ocrx_word' id='word_1_29' title='bbox 277 606 523 690; x_wconf 83' lang='lat' dir='ltr'>expectabisque</span> <span class='ocrx_word' id='word_1_30' title='bbox 545 605 655 688; x_wconf 89' lang='lat' dir='ltr'>potius</span> <span class='ocrx_word' id='word_1_31' title='bbox 679 604 854 671; x_wconf 77' lang='lat' dir='ltr'>‘recidiua&#39;.</span> <span class='ocrx_word' id='word_1_32' title='bbox 900 606 1012 670; x_wconf 87' lang='lat' dir='ltr'>dehis</span> <span class='ocrx_word' id='word_1_33' title='bbox 1035 605 1140 690; x_wconf 82' lang='lat' dir='ltr'>igitur</span> 
     </span>
     <span class='ocr_line' id='line_1_6' title="bbox 126 695 1138 778; baseline -0.001 -20"><span class='ocrx_word' id='word_1_34' title='bbox 126 695 292 760; x_wconf 85' lang='lat' dir='ltr'>uocabulis</span> <span class='ocrx_word' id='word_1_35' title='bbox 315 695 413 777; x_wconf 86' lang='lat' dir='ltr'>paulo</span> <span class='ocrx_word' id='word_1_36' title='bbox 438 695 599 778; x_wconf 83' lang='lat' dir='ltr'>copiosius</span> <span class='ocrx_word' id='word_1_37' title='bbox 623 715 719 778; x_wconf 86' lang='lat' dir='ltr'>agam</span> <span class='ocrx_word' id='word_1_38' title='bbox 743 697 879 777; x_wconf 82' lang='lat' dir='ltr'>oportet,</span> <span class='ocrx_word' id='word_1_39' title='bbox 902 716 974 759; x_wconf 90' lang='lat' dir='ltr'>cum</span> <span class='ocrx_word' id='word_1_40' title='bbox 993 716 1138 778; x_wconf 89' lang='lat' dir='ltr'>praeser-</span> 
     </span>
     <span class='ocr_line' id='line_1_7' title="bbox 126 780 1140 867; baseline 0 -20"><span class='ocrx_word' id='word_1_41' title='bbox 126 783 186 848; x_wconf 89' lang='lat' dir='ltr'>tim</span> <span class='ocrx_word' id='word_1_42' title='bbox 215 782 353 866; x_wconf 84' lang='lat' dir='ltr'>diligena</span> <span class='ocrx_word' id='word_1_43' title='bbox 377 782 412 846; x_wconf 87' lang='lat' dir='ltr'>L.</span> <span class='ocrx_word' id='word_1_44' title='bbox 434 780 552 867; x_wconf 83' lang='lat' dir='ltr'>Langii</span> <span class='ocrx_word' id='word_1_45' title='bbox 580 782 619 846; x_wconf 92' lang='lat' dir='ltr'>de</span> <span class='ocrx_word' id='word_1_46' title='bbox 644 781 711 846; x_wconf 87' lang='lat' dir='ltr'>illia</span> <span class='ocrx_word' id='word_1_47' title='bbox 735 782 911 866; x_wconf 86' lang='lat' dir='ltr'>disputatio</span> <span class='ocrx_word' id='word_1_48' title='bbox 936 780 1082 866; x_wconf 79' lang='lat' dir='ltr'>(Curtius</span> <span class='ocrx_word' id='word_1_49' title='bbox 1105 786 1140 847; x_wconf 93' lang='lat' dir='ltr'>et</span> 
     </span>
     <span class='ocr_line' id='line_1_8' title="bbox 126 868 1140 955; baseline -0.001 -20"><span class='ocrx_word' id='word_1_50' title='bbox 126 871 303 952; x_wconf 82' lang='lat' dir='ltr'>Brugman,</span> <span class='ocrx_word' id='word_1_51' title='bbox 327 868 416 934; x_wconf 79' lang='lat' dir='ltr'>Stud.</span> <span class='ocrx_word' id='word_1_52' title='bbox 436 869 467 933; x_wconf 89' lang='lat' dir='ltr'>X</span> <span class='ocrx_word' id='word_1_53' title='bbox 489 893 521 954; x_wconf 91' lang='lat' dir='ltr'>p.</span> <span class='ocrx_word' id='word_1_54' title='bbox 540 871 603 934; x_wconf 83' lang='grc'>227</span> <span class='ocrx_word' id='word_1_55' title='bbox 621 868 703 955; x_wconf 87' lang='lat' dir='ltr'>sqq.)</span> <span class='ocrx_word' id='word_1_56' title='bbox 727 892 792 936; x_wconf 90' lang='lat' dir='ltr'>non</span> <span class='ocrx_word' id='word_1_57' title='bbox 816 871 905 936; x_wconf 92' lang='lat' dir='ltr'>omni</span> <span class='ocrx_word' id='word_1_58' title='bbox 924 893 943 934; x_wconf 89' lang='lat' dir='ltr'>a</span> <span class='ocrx_word' id='word_1_59' title='bbox 961 873 1053 954; x_wconf 87' lang='lat' dir='ltr'>parte</span> <span class='ocrx_word' id='word_1_60' title='bbox 1072 870 1140 934; x_wconf 84' lang='lat' dir='ltr'>suf-</span> 
     </span>
     <span class='ocr_line' id='line_1_9' title="bbox 126 956 1141 1043; baseline 0 -21"><span class='ocrx_word' id='word_1_61' title='bbox 126 959 223 1023; x_wconf 86' lang='lat' dir='ltr'>ficiat.</span> <span class='ocrx_word' id='word_1_62' title='bbox 269 961 301 1022; x_wconf 89' lang='lat' dir='ltr'>et</span> <span class='ocrx_word' id='word_1_63' title='bbox 330 956 514 1023; x_wconf 77' lang='lat' dir='ltr'>‘recidiuus’</span> <span class='ocrx_word' id='word_1_64' title='bbox 543 958 673 1043; x_wconf 89' lang='lat' dir='ltr'>quidem</span> <span class='ocrx_word' id='word_1_65' title='bbox 700 959 893 1024; x_wconf 88' lang='lat' dir='ltr'>uocabulum</span> <span class='ocrx_word' id='word_1_66' title='bbox 922 959 998 1043; x_wconf 93' lang='lat' dir='ltr'>quid</span> <span class='ocrx_word' id='word_1_67' title='bbox 1021 959 1141 1043; x_wconf 87' lang='lat' dir='ltr'>ualeat,</span> 
     </span>
     <span class='ocr_line' id='line_1_10' title="bbox 128 1044 1140 1131; baseline 0 -19"><span class='ocrx_word' id='word_1_68' title='bbox 128 1046 249 1129; x_wconf 91' lang='lat' dir='ltr'>optime</span> <span class='ocrx_word' id='word_1_69' title='bbox 276 1046 399 1129; x_wconf 90' lang='lat' dir='ltr'>primus</span> <span class='ocrx_word' id='word_1_70' title='bbox 424 1044 504 1131; x_wconf 88' lang='lat' dir='ltr'>(nisi</span> <span class='ocrx_word' id='word_1_71' title='bbox 526 1046 639 1131; x_wconf 86' lang='lat' dir='ltr'>fallor)</span> <span class='ocrx_word' id='word_1_72' title='bbox 664 1046 703 1110; x_wconf 83' lang='lat' dir='ltr'>A.</span> <span class='ocrx_word' id='word_1_73' title='bbox 722 1045 760 1112; x_wconf 83' lang='lat' dir='ltr'>G.</span> <span class='ocrx_word' id='word_1_74' title='bbox 779 1046 946 1130; x_wconf 90' lang='lat' dir='ltr'>Zumptius</span> <span class='ocrx_word' id='word_1_75' title='bbox 970 1069 989 1110; x_wconf 89' lang='lat' dir='ltr'>a</span> <span class='ocrx_word' id='word_1_76' title='bbox 1011 1044 1140 1131; x_wconf 80' lang='lat' dir='ltr'>Langio</span> 
     </span>
     <span class='ocr_line' id='line_1_11' title="bbox 92 1132 1142 1219; baseline 0.002 -21"><span class='ocrx_word' id='word_1_77' title='bbox 92 1183 95 1186; x_wconf 78' lang='lat'>-</span> <span class='ocrx_word' id='word_1_78' title='bbox 127 1135 293 1218; x_wconf 84' lang='lat' dir='ltr'>neglectus</span> <span class='ocrx_word' id='word_1_79' title='bbox 312 1132 442 1219; x_wconf 85' lang='lat' dir='ltr'>(Rutilii</span> <span class='ocrx_word' id='word_1_80' title='bbox 465 1133 653 1200; x_wconf 86' lang='lat' dir='ltr'>Namatiani</span> <span class='ocrx_word' id='word_1_81' title='bbox 678 1157 709 1218; x_wconf 92' lang='lat' dir='ltr'>p.</span> <span class='ocrx_word' id='word_1_82' title='bbox 735 1136 800 1200; x_wconf 91' lang='grc'>120</span> <span class='ocrx_word' id='word_1_83' title='bbox 815 1135 877 1219; x_wconf 82' lang='lat' dir='ltr'>sq.)</span> <span class='ocrx_word' id='word_1_84' title='bbox 902 1136 1063 1219; x_wconf 85' lang='lat' dir='ltr'>exposuit:</span> <span class='ocrx_word' id='word_1_85' title='bbox 1087 1157 1142 1218; x_wconf 89' lang='lat' dir='ltr'>pe·</span> 
     </span>
     <span class='ocr_line' id='line_1_12' title="bbox 127 1223 1142 1309; baseline 0.001 -22"><span class='ocrx_word' id='word_1_86' title='bbox 127 1223 222 1289; x_wconf 90' lang='lat' dir='ltr'>titam</span> <span class='ocrx_word' id='word_1_87' title='bbox 247 1244 316 1287; x_wconf 85' lang='lat' dir='ltr'>csse</span> <span class='ocrx_word' id='word_1_88' title='bbox 339 1223 517 1307; x_wconf 84' lang='lat' dir='ltr'>imaginem</span> <span class='ocrx_word' id='word_1_89' title='bbox 541 1246 560 1287; x_wconf 90' lang='lat' dir='ltr'>a</span> <span class='ocrx_word' id='word_1_90' title='bbox 582 1223 759 1306; x_wconf 85' lang='lat' dir='ltr'>frumento,</span> <span class='ocrx_word' id='word_1_91' title='bbox 781 1223 867 1309; x_wconf 90' lang='lat' dir='ltr'>quod</span> <span class='ocrx_word' id='word_1_92' title='bbox 891 1245 962 1288; x_wconf 91' lang='lat' dir='ltr'>cum</span> <span class='ocrx_word' id='word_1_93' title='bbox 987 1224 1142 1288; x_wconf 90' lang='lat' dir='ltr'>demetia-</span> 
     </span>
     <span class='ocr_line' id='line_1_13' title="bbox 128 1310 1142 1395; baseline 0.001 -19"><span class='ocrx_word' id='word_1_94' title='bbox 128 1314 191 1395; x_wconf 87' lang='lat' dir='ltr'>tur,</span> <span class='ocrx_word' id='word_1_95' title='bbox 213 1310 284 1375; x_wconf 87' lang='lat' dir='ltr'>fieri</span> <span class='ocrx_word' id='word_1_96' title='bbox 306 1314 343 1376; x_wconf 89' lang='lat' dir='ltr'>ut</span> <span class='ocrx_word' id='word_1_97' title='bbox 365 1312 522 1376; x_wconf 89' lang='lat' dir='ltr'>nonnulla</span> <span class='ocrx_word' id='word_1_98' title='bbox 546 1312 669 1376; x_wconf 89' lang='lat' dir='ltr'>semina</span> <span class='ocrx_word' id='word_1_99' title='bbox 692 1333 802 1377; x_wconf 89' lang='lat' dir='ltr'>rursus</span> <span class='ocrx_word' id='word_1_100' title='bbox 825 1312 860 1375; x_wconf 92' lang='lat' dir='ltr'>in</span> <span class='ocrx_word' id='word_1_101' title='bbox 881 1315 1001 1376; x_wconf 90' lang='lat' dir='ltr'>terram</span> <span class='ocrx_word' id='word_1_102' title='bbox 1022 1311 1142 1377; x_wconf 91' lang='lat' dir='ltr'>cadant</span> 
     </span>
     <span class='ocr_line' id='line_1_14' title="bbox 129 1400 1141 1483; baseline -0.001 -18"><span class='ocrx_word' id='word_1_103' title='bbox 129 1421 168 1465; x_wconf 88' lang='lat' dir='ltr'>ac</span> <span class='ocrx_word' id='word_1_104' title='bbox 198 1400 401 1464; x_wconf 83' lang='lat' dir='ltr'>renascentia</span> <span class='ocrx_word' id='word_1_105' title='bbox 430 1400 577 1483; x_wconf 87' lang='lat' dir='ltr'>plantam</span> <span class='ocrx_word' id='word_1_106' title='bbox 604 1400 801 1482; x_wconf 83' lang='lat' dir='ltr'>instaurent3</span> <span class='ocrx_word' id='word_1_107' title='bbox 833 1401 919 1464; x_wconf 89' lang='lat' dir='ltr'>unde</span> <span class='ocrx_word' id='word_1_108' title='bbox 946 1401 1141 1465; x_wconf 89' lang='lat' dir='ltr'>translatam</span> 
     </span>
     <span class='ocr_line' id='line_1_15' title="bbox 128 1485 1143 1572; baseline -0.001 -19"><span class='ocrx_word' id='word_1_109' title='bbox 128 1488 280 1553; x_wconf 91' lang='lat' dir='ltr'>uocabuli</span> <span class='ocrx_word' id='word_1_110' title='bbox 318 1488 590 1572; x_wconf 85' lang='lat' dir='ltr'>significationem</span> <span class='ocrx_word' id='word_1_111' title='bbox 627 1485 742 1572; x_wconf 88' lang='lat' dir='ltr'>(ueluti</span> <span class='ocrx_word' id='word_1_112' title='bbox 776 1486 946 1571; x_wconf 77' lang='lat' dir='ltr'>‘Pergama</span> <span class='ocrx_word' id='word_1_113' title='bbox 977 1488 1143 1572; x_wconf 87' lang='lat' dir='ltr'>recidiua&#39;,</span> 
     </span>
     <span class='ocr_line' id='line_1_16' title="bbox 129 1574 1141 1660; baseline 0 -20"><span class='ocrx_word' id='word_1_114' title='bbox 129 1575 241 1641; x_wconf 72' lang='lat' dir='ltr'>‘febris</span> <span class='ocrx_word' id='word_1_115' title='bbox 265 1575 427 1660; x_wconf 88' lang='lat' dir='ltr'>recidiua&#39;,</span> <span class='ocrx_word' id='word_1_116' title='bbox 450 1575 548 1640; x_wconf 86' lang='lat' dir='ltr'>&#39;mala</span> <span class='ocrx_word' id='word_1_117' title='bbox 571 1574 724 1641; x_wconf 84' lang='lat' dir='ltr'>recidiua&#39;</span> <span class='ocrx_word' id='word_1_118' title='bbox 749 1574 946 1660; x_wconf 84' lang='lat' dir='ltr'>similiaque)</span> <span class='ocrx_word' id='word_1_119' title='bbox 970 1576 1064 1641; x_wconf 86' lang='lat' dir='ltr'>facilc</span> <span class='ocrx_word' id='word_1_120' title='bbox 1086 1597 1141 1640; x_wconf 87' lang='lat' dir='ltr'>ex-</span> 
     </span>
     <span class='ocr_line' id='line_1_17' title="bbox 127 1662 1141 1751; baseline 0.002 -23"><span class='ocrx_word' id='word_1_121' title='bbox 127 1665 251 1749; x_wconf 89' lang='lat' dir='ltr'>plicari.</span> <span class='ocrx_word' id='word_1_122' title='bbox 303 1665 415 1749; x_wconf 88' lang='lat' dir='ltr'>quodsi</span> <span class='ocrx_word' id='word_1_123' title='bbox 448 1664 533 1748; x_wconf 90' lang='lat' dir='ltr'>apud</span> <span class='ocrx_word' id='word_1_124' title='bbox 560 1662 797 1730; x_wconf 78' lang='lat' dir='ltr'>Tertullianum</span> <span class='ocrx_word' id='word_1_125' title='bbox 825 1663 881 1750; x_wconf 90' lang='lat' dir='ltr'>(ad</span> <span class='ocrx_word' id='word_1_126' title='bbox 907 1664 1005 1734; x_wconf 80' lang='lat' dir='ltr'>Marc.</span> <span class='ocrx_word' id='word_1_127' title='bbox 1029 1666 1060 1746; x_wconf 89' lang='lat'>4,</span> <span class='ocrx_word' id='word_1_128' title='bbox 1083 1662 1141 1751; x_wconf 79' lang='lat'>25)</span> 
     </span>
     <span class='ocr_line' id='line_1_18' title="bbox 128 1752 1143 1837; baseline 0.002 -21"><span class='ocrx_word' id='word_1_129' title='bbox 128 1754 277 1837; x_wconf 82' lang='lat' dir='ltr'>legimus:</span> <span class='ocrx_word' id='word_1_130' title='bbox 301 1753 355 1818; x_wconf 85' lang='lat' dir='ltr'>sed</span> <span class='ocrx_word' id='word_1_131' title='bbox 373 1754 449 1835; x_wconf 81' lang='lat' dir='ltr'>quic</span> <span class='ocrx_word' id='word_1_132' title='bbox 466 1756 496 1817; x_wconf 80' lang='lat' dir='ltr'>et</span> <span class='ocrx_word' id='word_1_133' title='bbox 511 1755 626 1818; x_wconf 79' lang='lat' dir='ltr'>mortui</span> <span class='ocrx_word' id='word_1_134' title='bbox 643 1754 709 1816; x_wconf 80' lang='lat' dir='ltr'>iam</span> <span class='ocrx_word' id='word_1_135' title='bbox 726 1753 955 1818; x_wconf 69' lang='lat' dir='ltr'>suantobuutur</span> <span class='ocrx_word' id='word_1_136' title='bbox 972 1774 993 1817; x_wconf 88' lang='lat' dir='ltr'>u</span> <span class='ocrx_word' id='word_1_137' title='bbox 1011 1752 1143 1832; x_wconf 76' lang='lat' dir='ltr'>Christo,</span> 
     </span>
     <span class='ocr_line' id='line_1_19' title="bbox 130 1842 1143 1924; baseline 0 -18"><span class='ocrx_word' id='word_1_138' title='bbox 130 1843 333 1906; x_wconf 67' lang='lat' dir='ltr'>exsusdtutus</span> <span class='ocrx_word' id='word_1_139' title='bbox 367 1842 411 1905; x_wconf 86' lang='lat' dir='ltr'>od</span> <span class='ocrx_word' id='word_1_140' title='bbox 440 1861 524 1922; x_wconf 81' lang='lat' dir='ltr'>spem</span> <span class='ocrx_word' id='word_1_141' title='bbox 555 1846 696 1905; x_wconf 79' lang='lat' dir='ltr'>cctcrnue</span> <span class='ocrx_word' id='word_1_142' title='bbox 726 1842 810 1905; x_wconf 81' lang='lat' dir='ltr'>uitae</span> <span class='ocrx_word' id='word_1_143' title='bbox 838 1862 898 1922; x_wconf 82' lang='lat' dir='ltr'>per</span> <span class='ocrx_word' id='word_1_144' title='bbox 930 1842 1068 1924; x_wconf 73' lang='lat' dir='ltr'>exemplu</span> <span class='ocrx_word' id='word_1_145' title='bbox 1097 1863 1143 1906; x_wconf 85' lang='lat' dir='ltr'>rc-</span> 
     </span>
    </p>

    <p class='ocr_par' dir='ltr' id='par_1_3' title="bbox 73 1928 1150 3427">
     <span class='ocr_line' id='line_1_20' title="bbox 130 1928 1143 2012; baseline 0.001 -18"><span class='ocrx_word' id='word_1_146' title='bbox 130 1930 250 1994; x_wconf 76' lang='lat' dir='ltr'>cidc&#39;uuc</span> <span class='ocrx_word' id='word_1_147' title='bbox 277 1950 347 2012; x_wconf 90' lang='lat' dir='ltr'>eqs,</span> <span class='ocrx_word' id='word_1_148' title='bbox 377 1929 448 2011; x_wconf 86' lang='lat' dir='ltr'>ipsa</span> <span class='ocrx_word' id='word_1_149' title='bbox 475 1928 561 1991; x_wconf 88' lang='lat' dir='ltr'>inter</span> <span class='ocrx_word' id='word_1_150' title='bbox 589 1931 752 1992; x_wconf 88' lang='lat' dir='ltr'>aeternam</span> <span class='ocrx_word' id='word_1_151' title='bbox 781 1932 814 1993; x_wconf 89' lang='lat' dir='ltr'>et</span> <span class='ocrx_word' id='word_1_152' title='bbox 839 1929 1012 1994; x_wconf 87' lang='lat' dir='ltr'>recidiuam</span> <span class='ocrx_word' id='word_1_153' title='bbox 1039 1928 1143 1995; x_wconf 90' lang='lat' dir='ltr'>uitam</span> 
     </span>
     <span class='ocr_line' id='line_1_21' title="bbox 73 2009 1143 2101; baseline 0.001 -19"><span class='ocrx_word' id='word_1_154' title='bbox 73 2009 75 2024; x_wconf 83' lang='lat'>&#39;</span> <span class='ocrx_word' id='word_1_155' title='bbox 132 2017 338 2101; x_wconf 87' lang='lat' dir='ltr'>oppositione</span> <span class='ocrx_word' id='word_1_156' title='bbox 365 2015 512 2099; x_wconf 88' lang='lat' dir='ltr'>patefieri</span> <span class='ocrx_word' id='word_1_157' title='bbox 539 2020 618 2100; x_wconf 87' lang='lat' dir='ltr'>puto</span> <span class='ocrx_word' id='word_1_158' title='bbox 649 2015 724 2100; x_wconf 93' lang='lat' dir='ltr'>quid</span> <span class='ocrx_word' id='word_1_159' title='bbox 754 2016 797 2081; x_wconf 90' lang='lat' dir='ltr'>sit</span> <span class='ocrx_word' id='word_1_160' title='bbox 821 2016 963 2083; x_wconf 88' lang='lat' dir='ltr'>recidiua</span> <span class='ocrx_word' id='word_1_161' title='bbox 986 2018 1043 2082; x_wconf 89' lang='lat' dir='ltr'>illa</span> <span class='ocrx_word' id='word_1_162' title='bbox 1064 2018 1143 2083; x_wconf 86' lang='lat' dir='ltr'>uita.</span> 
     </span>
     <span class='ocr_line' id='line_1_22' title="bbox 132 2103 1144 2188; baseline 0.002 -20"><span class='ocrx_word' id='word_1_163' title='bbox 132 2126 247 2187; x_wconf 91' lang='lat' dir='ltr'>nempe</span> <span class='ocrx_word' id='word_1_164' title='bbox 276 2103 332 2187; x_wconf 93' lang='lat' dir='ltr'>qui</span> <span class='ocrx_word' id='word_1_165' title='bbox 360 2124 496 2188; x_wconf 89' lang='lat' dir='ltr'>corpore</span> <span class='ocrx_word' id='word_1_166' title='bbox 523 2104 656 2169; x_wconf 89' lang='lat' dir='ltr'>iamiam</span> <span class='ocrx_word' id='word_1_167' title='bbox 683 2104 802 2188; x_wconf 85' lang='lat' dir='ltr'>frigido</span> <span class='ocrx_word' id='word_1_168' title='bbox 831 2105 866 2168; x_wconf 92' lang='lat' dir='ltr'>in</span> <span class='ocrx_word' id='word_1_169' title='bbox 893 2105 1014 2171; x_wconf 87' lang='lat' dir='ltr'>feretro</span> <span class='ocrx_word' id='word_1_170' title='bbox 1037 2106 1144 2170; x_wconf 90' lang='lat' dir='ltr'>iacent</span> 
     </span>
     <span class='ocr_line' id='line_1_23' title="bbox 131 2191 1142 2279; baseline 0.003 -23"><span class='ocrx_word' id='word_1_171' title='bbox 131 2215 191 2276; x_wconf 91' lang='lat' dir='ltr'>pro</span> <span class='ocrx_word' id='word_1_172' title='bbox 219 2191 443 2277; x_wconf 87' lang='lat' dir='ltr'>cadaueribus,</span> <span class='ocrx_word' id='word_1_173' title='bbox 470 2193 506 2255; x_wconf 93' lang='lat' dir='ltr'>in</span> <span class='ocrx_word' id='word_1_174' title='bbox 533 2192 604 2275; x_wconf 94' lang='lat' dir='ltr'>ipso</span> <span class='ocrx_word' id='word_1_175' title='bbox 632 2195 741 2256; x_wconf 90' lang='lat' dir='ltr'>tamen</span> <span class='ocrx_word' id='word_1_176' title='bbox 769 2214 902 2277; x_wconf 88' lang='lat' dir='ltr'>corpore</span> <span class='ocrx_word' id='word_1_177' title='bbox 930 2194 1024 2279; x_wconf 88' lang='lat' dir='ltr'>quasi</span> <span class='ocrx_word' id='word_1_178' title='bbox 1047 2217 1142 2279; x_wconf 87' lang='lat' dir='ltr'>quae-</span> 
     </span>
     <span class='ocr_line' id='line_1_24' title="bbox 132 2279 1145 2366; baseline 0.002 -21"><span class='ocrx_word' id='word_1_179' title='bbox 132 2281 207 2345; x_wconf 87' lang='lat' dir='ltr'>dam</span> <span class='ocrx_word' id='word_1_180' title='bbox 236 2280 359 2346; x_wconf 85' lang='lat' dir='ltr'>semina</span> <span class='ocrx_word' id='word_1_181' title='bbox 386 2281 585 2346; x_wconf 86' lang='lat' dir='ltr'>renascentis</span> <span class='ocrx_word' id='word_1_182' title='bbox 612 2279 699 2345; x_wconf 88' lang='lat' dir='ltr'>uitae</span> <span class='ocrx_word' id='word_1_183' title='bbox 726 2282 925 2366; x_wconf 86' lang='lat' dir='ltr'>relinquunt,</span> <span class='ocrx_word' id='word_1_184' title='bbox 954 2287 992 2346; x_wconf 93' lang='lat' dir='ltr'>ut</span> <span class='ocrx_word' id='word_1_185' title='bbox 1014 2285 1102 2347; x_wconf 91' lang='lat' dir='ltr'>recte</span> <span class='ocrx_word' id='word_1_186' title='bbox 1126 2305 1145 2347; x_wconf 91' lang='lat' dir='ltr'>a</span> 
     </span>
     <span class='ocr_line' id='line_1_25' title="bbox 133 2368 1145 2456; baseline -0.002 -20"><span class='ocrx_word' id='word_1_187' title='bbox 133 2368 264 2436; x_wconf 81' lang='lat' dir='ltr'>Christo</span> <span class='ocrx_word' id='word_1_188' title='bbox 292 2390 350 2453; x_wconf 92' lang='lat' dir='ltr'>per</span> <span class='ocrx_word' id='word_1_189' title='bbox 372 2369 565 2434; x_wconf 83' lang='lat' dir='ltr'>miraculum</span> <span class='ocrx_word' id='word_1_190' title='bbox 589 2369 738 2434; x_wconf 85' lang='lat' dir='ltr'>suscitati</span> <span class='ocrx_word' id='word_1_191' title='bbox 762 2370 911 2435; x_wconf 89' lang='lat' dir='ltr'>dicantur</span> <span class='ocrx_word' id='word_1_192' title='bbox 933 2371 1080 2435; x_wconf 90' lang='lat' dir='ltr'>reuocari</span> <span class='ocrx_word' id='word_1_193' title='bbox 1104 2371 1145 2456; x_wconf 83' lang='lat' dir='ltr'>ad</span> 
     </span>
     <span class='ocr_line' id='line_1_26' title="bbox 133 2456 1144 2543; baseline 0 -20"><span class='ocrx_word' id='word_1_194' title='bbox 133 2459 235 2523; x_wconf 88' lang='lat' dir='ltr'>uitam</span> <span class='ocrx_word' id='word_1_195' title='bbox 262 2457 452 2543; x_wconf 80' lang='lat' dir='ltr'>recidiuam3</span> <span class='ocrx_word' id='word_1_196' title='bbox 480 2462 514 2523; x_wconf 87' lang='lat' dir='ltr'>at</span> <span class='ocrx_word' id='word_1_197' title='bbox 540 2457 595 2542; x_wconf 92' lang='lat' dir='ltr'>qui</span> <span class='ocrx_word' id='word_1_198' title='bbox 618 2456 752 2522; x_wconf 91' lang='lat' dir='ltr'>humato</span> <span class='ocrx_word' id='word_1_199' title='bbox 776 2459 841 2522; x_wconf 90' lang='lat' dir='ltr'>iam</span> <span class='ocrx_word' id='word_1_200' title='bbox 864 2459 1052 2543; x_wconf 86' lang='lat' dir='ltr'>dilapsoque</span> <span class='ocrx_word' id='word_1_201' title='bbox 1077 2480 1144 2524; x_wconf 91' lang='lat' dir='ltr'>cor-</span> 
     </span>
     <span class='ocr_line' id='line_1_27' title="bbox 133 2546 1144 2630; baseline 0.001 -20"><span class='ocrx_word' id='word_1_202' title='bbox 133 2568 212 2630; x_wconf 88' lang='lat' dir='ltr'>pore</span> <span class='ocrx_word' id='word_1_203' title='bbox 231 2567 270 2610; x_wconf 83' lang='lat' dir='ltr'>ex</span> <span class='ocrx_word' id='word_1_204' title='bbox 289 2546 444 2630; x_wconf 84' lang='lat' dir='ltr'>sepulcris</span> <span class='ocrx_word' id='word_1_205' title='bbox 464 2546 655 2629; x_wconf 78' lang='lat' dir='ltr'>excitantur,</span> <span class='ocrx_word' id='word_1_206' title='bbox 673 2568 738 2611; x_wconf 93' lang='lat' dir='ltr'>non</span> <span class='ocrx_word' id='word_1_207' title='bbox 757 2551 895 2630; x_wconf 84' lang='lat' dir='ltr'>possunt</span> <span class='ocrx_word' id='word_1_208' title='bbox 908 2547 973 2611; x_wconf 90' lang='lat' dir='ltr'>nisi</span> <span class='ocrx_word' id='word_1_209' title='bbox 988 2547 1027 2612; x_wconf 89' lang='lat' dir='ltr'>ad</span> <span class='ocrx_word' id='word_1_210' title='bbox 1041 2547 1144 2611; x_wconf 90' lang='lat' dir='ltr'>uitam</span> 
     </span>
     <span class='ocr_line' id='line_1_28' title="bbox 133 2634 1147 2720; baseline 0.001 -22"><span class='ocrx_word' id='word_1_211' title='bbox 133 2634 316 2699; x_wconf 90' lang='lat' dir='ltr'>rediuiuam</span> <span class='ocrx_word' id='word_1_212' title='bbox 334 2656 511 2719; x_wconf 84' lang='lat' dir='ltr'>resurgere.</span> <span class='ocrx_word' id='word_1_213' title='bbox 547 2656 623 2698; x_wconf 92' lang='lat' dir='ltr'>nam</span> <span class='ocrx_word' id='word_1_214' title='bbox 643 2655 700 2698; x_wconf 84' lang='lat' dir='ltr'>suo</span> <span class='ocrx_word' id='word_1_215' title='bbox 720 2634 789 2698; x_wconf 91' lang='lat' dir='ltr'>iure</span> <span class='ocrx_word' id='word_1_216' title='bbox 807 2634 950 2720; x_wconf 78' lang='lat' dir='ltr'>Longius</span> <span class='ocrx_word' id='word_1_217' title='bbox 968 2634 1030 2700; x_wconf 91' lang='lat' dir='ltr'>hoc</span> <span class='ocrx_word' id='word_1_218' title='bbox 1049 2657 1147 2700; x_wconf 87' lang='lat' dir='ltr'>uoca-</span> 
     </span>
     <span class='ocr_line' id='line_1_29' title="bbox 134 2721 1147 2793; baseline 0.002 -7"><span class='ocrx_word' id='word_1_219' title='bbox 134 2722 247 2787; x_wconf 89' lang='lat' dir='ltr'>bulum</span> <span class='ocrx_word' id='word_1_220' title='bbox 268 2721 456 2787; x_wconf 69' lang='lat' dir='ltr'>‘rediuiuus&#39;</span> <span class='ocrx_word' id='word_1_221' title='bbox 475 2723 544 2786; x_wconf 90' lang='lat' dir='ltr'>siue</span> <span class='ocrx_word' id='word_1_222' title='bbox 559 2721 761 2793; x_wconf 11' lang='lat' dir='ltr'>W‘reduuiuus’</span> <span class='ocrx_word' id='word_1_223' title='bbox 782 2723 941 2788; x_wconf 86' lang='lat' dir='ltr'>deriuauit</span> <span class='ocrx_word' id='word_1_224' title='bbox 959 2723 1147 2788; x_wconf 89' lang='lat' dir='ltr'>areduendi</span> 
     </span>
     <span class='ocr_line' id='line_1_30' title="bbox 133 2809 1147 2895; baseline 0.001 -19"><span class='ocrx_word' id='word_1_225' title='bbox 133 2812 249 2893; x_wconf 87' lang='lat' dir='ltr'>uerbo,</span> <span class='ocrx_word' id='word_1_226' title='bbox 276 2811 359 2875; x_wconf 88' lang='lat' dir='ltr'>unde</span> <span class='ocrx_word' id='word_1_227' title='bbox 388 2811 485 2875; x_wconf 89' lang='lat' dir='ltr'>etiam</span> <span class='ocrx_word' id='word_1_228' title='bbox 509 2809 692 2893; x_wconf 79' lang='lat' dir='ltr'>‘reduuiae&#39;,</span> <span class='ocrx_word' id='word_1_229' title='bbox 721 2811 759 2874; x_wconf 89' lang='lat' dir='ltr'>de</span> <span class='ocrx_word' id='word_1_230' title='bbox 787 2812 905 2895; x_wconf 88' lang='lat' dir='ltr'>quibus</span> <span class='ocrx_word' id='word_1_231' title='bbox 933 2812 973 2877; x_wconf 86' lang='lat' dir='ltr'>cf.</span> <span class='ocrx_word' id='word_1_232' title='bbox 996 2811 1147 2877; x_wconf 87' lang='lat' dir='ltr'>Placidus</span> 
     </span>
     <span class='ocr_line' id='line_1_31' title="bbox 137 2898 1148 2983; baseline 0.001 -19"><span class='ocrx_word' id='word_1_233' title='bbox 137 2899 339 2982; x_wconf 81' lang='lat' dir='ltr'>Deuerlingii</span> <span class='ocrx_word' id='word_1_234' title='bbox 357 2922 388 2983; x_wconf 91' lang='lat' dir='ltr'>p.</span> <span class='ocrx_word' id='word_1_235' title='bbox 405 2899 456 2964; x_wconf 83' lang='lat'>78.</span> <span class='ocrx_word' id='word_1_236' title='bbox 493 2898 665 2962; x_wconf 85' lang='lat' dir='ltr'>discrimen</span> <span class='ocrx_word' id='word_1_237' title='bbox 684 2898 785 2983; x_wconf 85' lang='lat' dir='ltr'>igitur</span> <span class='ocrx_word' id='word_1_238' title='bbox 802 2901 887 2965; x_wconf 90' lang='lat' dir='ltr'>inter</span> <span class='ocrx_word' id='word_1_239' title='bbox 906 2901 968 2964; x_wconf 89' lang='lat' dir='ltr'>duo</span> <span class='ocrx_word' id='word_1_240' title='bbox 983 2901 1039 2964; x_wconf 89' lang='lat' dir='ltr'>illa</span> <span class='ocrx_word' id='word_1_241' title='bbox 1053 2922 1148 2966; x_wconf 84' lang='lat' dir='ltr'>uocu-</span> 
     </span>
     <span class='ocr_line' id='line_1_32' title="bbox 135 2986 1148 3071; baseline 0.001 -18"><span class='ocrx_word' id='word_1_242' title='bbox 135 2989 213 3054; x_wconf 85' lang='lat' dir='ltr'>bula</span> <span class='ocrx_word' id='word_1_243' title='bbox 236 2987 433 3052; x_wconf 89' lang='lat' dir='ltr'>intercedere</span> <span class='ocrx_word' id='word_1_244' title='bbox 455 2992 534 3071; x_wconf 89' lang='lat' dir='ltr'>puto</span> <span class='ocrx_word' id='word_1_245' title='bbox 557 2987 637 3050; x_wconf 92' lang='lat' dir='ltr'>hoce</span> <span class='ocrx_word' id='word_1_246' title='bbox 659 2987 744 3071; x_wconf 93' lang='lat' dir='ltr'>quod</span> <span class='ocrx_word' id='word_1_247' title='bbox 764 2986 963 3053; x_wconf 73' lang='lat' dir='ltr'>‘recidiuum&#39;</span> <span class='ocrx_word' id='word_1_248' title='bbox 982 2991 1033 3052; x_wconf 86' lang='lat' dir='ltr'>est</span> <span class='ocrx_word' id='word_1_249' title='bbox 1052 3011 1148 3054; x_wconf 87' lang='lat' dir='ltr'>omne</span> 
     </span>
     <span class='ocr_line' id='line_1_33' title="bbox 138 3074 1149 3161; baseline 0 -20"><span class='ocrx_word' id='word_1_250' title='bbox 138 3100 177 3142; x_wconf 84' lang='lat' dir='ltr'>ex</span> <span class='ocrx_word' id='word_1_251' title='bbox 196 3077 320 3161; x_wconf 90' lang='lat' dir='ltr'>antiqui</span> <span class='ocrx_word' id='word_1_252' title='bbox 339 3079 445 3140; x_wconf 85' lang='lat' dir='ltr'>status</span> <span class='ocrx_word' id='word_1_253' title='bbox 463 3075 608 3159; x_wconf 86' lang='lat' dir='ltr'>reliquiis</span> <span class='ocrx_word' id='word_1_254' title='bbox 623 3097 803 3158; x_wconf 86' lang='lat' dir='ltr'>renascens,</span> <span class='ocrx_word' id='word_1_255' title='bbox 822 3074 1024 3140; x_wconf 72' lang='lat' dir='ltr'>‘rediuiuum&#39;</span> <span class='ocrx_word' id='word_1_256' title='bbox 1039 3083 1149 3142; x_wconf 87' lang='lat' dir='ltr'>autem</span> 
     </span>
     <span class='ocr_line' id='line_1_34' title="bbox 136 3163 1148 3250; baseline 0.002 -21"><span class='ocrx_word' id='word_1_257' title='bbox 136 3165 169 3230; x_wconf 91' lang='lat' dir='ltr'>id</span> <span class='ocrx_word' id='word_1_258' title='bbox 189 3165 275 3250; x_wconf 92' lang='lat' dir='ltr'>quod</span> <span class='ocrx_word' id='word_1_259' title='bbox 293 3165 432 3248; x_wconf 88' lang='lat' dir='ltr'>pristino</span> <span class='ocrx_word' id='word_1_260' title='bbox 451 3164 566 3228; x_wconf 91' lang='lat' dir='ltr'>habitu</span> <span class='ocrx_word' id='word_1_261' title='bbox 581 3163 687 3229; x_wconf 90' lang='lat' dir='ltr'>deleto</span> <span class='ocrx_word' id='word_1_262' title='bbox 703 3169 885 3229; x_wconf 84' lang='lat' dir='ltr'>renouatur.</span> <span class='ocrx_word' id='word_1_263' title='bbox 917 3186 1052 3249; x_wconf 91' lang='lat' dir='ltr'>cumque</span> <span class='ocrx_word' id='word_1_264' title='bbox 1067 3166 1148 3231; x_wconf 88' lang='lat' dir='ltr'>haec</span> 
     </span>
     <span class='ocr_line' id='line_1_35' title="bbox 136 3252 1150 3338; baseline 0.002 -22"><span class='ocrx_word' id='word_1_265' title='bbox 136 3253 234 3319; x_wconf 88' lang='lat' dir='ltr'>facies</span> <span class='ocrx_word' id='word_1_266' title='bbox 263 3274 349 3318; x_wconf 90' lang='lat' dir='ltr'>noua</span> <span class='ocrx_word' id='word_1_267' title='bbox 378 3257 490 3336; x_wconf 89' lang='lat' dir='ltr'>utpote</span> <span class='ocrx_word' id='word_1_268' title='bbox 518 3252 727 3316; x_wconf 86' lang='lat' dir='ltr'>iuuenescens</span> <span class='ocrx_word' id='word_1_269' title='bbox 752 3273 847 3336; x_wconf 88' lang='lat' dir='ltr'>saepe</span> <span class='ocrx_word' id='word_1_270' title='bbox 870 3254 971 3317; x_wconf 88' lang='lat' dir='ltr'>ueteri</span> <span class='ocrx_word' id='word_1_271' title='bbox 994 3257 1150 3338; x_wconf 89' lang='lat' dir='ltr'>praestet,</span> 
     </span>
     <span class='ocr_line' id='line_1_36' title="bbox 138 3339 1149 3427; baseline 0.001 -21"><span class='ocrx_word' id='word_1_272' title='bbox 138 3348 189 3406; x_wconf 88' lang='lat' dir='ltr'>est</span> <span class='ocrx_word' id='word_1_273' title='bbox 216 3342 272 3406; x_wconf 92' lang='lat' dir='ltr'>ubi</span> <span class='ocrx_word' id='word_1_274' title='bbox 302 3340 505 3405; x_wconf 73' lang='lat' dir='ltr'>‘rediuiuum’</span> <span class='ocrx_word' id='word_1_275' title='bbox 534 3340 740 3424; x_wconf 89' lang='lat' dir='ltr'>interpretari</span> <span class='ocrx_word' id='word_1_276' title='bbox 768 3341 864 3405; x_wconf 89' lang='lat' dir='ltr'>liceat</span> <span class='ocrx_word' id='word_1_277' title='bbox 892 3339 1025 3405; x_wconf 77' lang='lat' dir='ltr'>‘nouum</span> <span class='ocrx_word' id='word_1_278' title='bbox 1049 3348 1149 3427; x_wconf 89' lang='lat' dir='ltr'>atque</span> 
     </span>
    </p>
   </div>
   <div class='ocr_carea' id='block_1_3' title="bbox 22 3427 1150 3512">
    <p class='ocr_par' dir='ltr' id='par_1_4' title="bbox 22 3427 1150 3512">
     <span class='ocr_line' id='line_1_37' title="bbox 22 3427 1150 3512; baseline 0.002 -19"><span class='ocrx_word' id='word_1_279' title='bbox 22 3483 35 3509; x_wconf 78' lang='lat'>,</span> <span class='ocrx_word' id='word_1_280' title='bbox 138 3429 275 3495; x_wconf 84' lang='lat' dir='ltr'>melius&#39;.</span> <span class='ocrx_word' id='word_1_281' title='bbox 321 3434 462 3494; x_wconf 90' lang='lat' dir='ltr'>ceterum</span> <span class='ocrx_word' id='word_1_282' title='bbox 495 3428 628 3492; x_wconf 88' lang='lat' dir='ltr'>euanuit</span> <span class='ocrx_word' id='word_1_283' title='bbox 657 3427 724 3491; x_wconf 86' lang='lat' dir='ltr'>fere</span> <span class='ocrx_word' id='word_1_284' title='bbox 753 3429 926 3493; x_wconf 90' lang='lat' dir='ltr'>discrimen</span> <span class='ocrx_word' id='word_1_285' title='bbox 954 3429 1033 3493; x_wconf 89' lang='lat' dir='ltr'>illud</span> <span class='ocrx_word' id='word_1_286' title='bbox 1064 3430 1150 3512; x_wconf 90' lang='lat' dir='ltr'>apud</span> 
     </span>
    </p>
   </div>
   <div class='ocr_carea' id='block_1_4' title="bbox 139 3517 1149 3602">
    <p class='ocr_par' dir='ltr' id='par_1_5' title="bbox 139 3517 1149 3602">
     <span class='ocr_line' id='line_1_38' title="bbox 139 3517 1149 3602; baseline 0 -19"><span class='ocrx_word' id='word_1_287' title='bbox 139 3519 312 3583; x_wconf 86' lang='lat' dir='ltr'>nonnullos</span> <span class='ocrx_word' id='word_1_288' title='bbox 337 3521 451 3602; x_wconf 90' lang='lat' dir='ltr'>poetas</span> <span class='ocrx_word' id='word_1_289' title='bbox 476 3522 509 3582; x_wconf 85' lang='lat' dir='ltr'>et</span> <span class='ocrx_word' id='word_1_290' title='bbox 532 3517 720 3600; x_wconf 88' lang='lat' dir='ltr'>scriptores,</span> <span class='ocrx_word' id='word_1_291' title='bbox 746 3518 938 3600; x_wconf 87' lang='lat' dir='ltr'>praesertim</span> <span class='ocrx_word' id='word_1_292' title='bbox 960 3518 1149 3601; x_wconf 87' lang='lat' dir='ltr'>posterioria</span> 
     </span>
    </p>
   </div>
   <div class='ocr_carea' id='block_1_5' title="bbox 0 0 1235 3938">
    <p class='ocr_par' dir='ltr' id='par_1_6' title="bbox 0 0 1235 3938">
     <span class='ocr_line' id='line_1_39' title="bbox 0 0 1235 3938; baseline 0 0"><span class='ocrx_word' id='word_1_293' title='bbox 0 0 1235 3938; x_wconf 95' lang='lat' dir='ltr'> </span> 
     </span>
    </p>
   </div>
  </div>
 </body>
</html>
