2430 3938
118 196 185 252 vm
427 195 595 252 nononis
613 195 829 254 PRAEFATIO.

122 345 215 428 getas
235 341 426 427 superstites
445 339 537 429 (nam
557 364 596 407 ex
614 343 739 428 graecis
759 344 848 410 solus
863 343 1009 410 Iustinus
1029 349 1137 412 aetate

122 453 195 496 eum
223 432 393 516 paululum
422 430 567 516 superat)
597 453 681 496 unua
710 454 749 496 ex
778 432 1061 519 antiquissimis*)‚
1087 437 1137 500 ita

121 521 206 585 inter
224 520 389 586 Romanos
412 521 572 604 princeps.
610 521 665 604 qui
688 542 745 586 cur
767 522 808 586 ab
828 522 1028 606 insequentis
1048 528 1136 590 aeta-

121 610 167 674 tis
192 609 402 693 scriptoribus
425 609 613 675 christianis
631 612 700 673 tam
719 631 816 694 saepe
834 611 869 675 in
887 630 982 676 usum
1000 617 1136 678 uocatus

30 708 32 712 ’
123 699 349 784 exoriptusque
369 698 421 777 sit,
441 697 674 764 aTertulliano
690 696 853 783 Cypriane
869 698 1040 765 Lactantio
1059 701 1137 766 Hie-

122 808 262 872 ronymo
286 787 369 871 aliis,
392 808 432 850 ex
454 787 592 852 internis
612 787 709 852 buius
729 787 851 873 dialogi
869 789 1045 854 uirtutibus
1066 791 1136 855 sine

122 877 255 962 negotio
289 876 477 959 explicatur.
526 897 622 941 nemo
657 876 743 948 enim
775 898 880 961 neque
909 881 1005 943 antea
1032 901 1137 963 neque

123 969 239 1050 postea
272 964 353 1030 adeo
386 986 458 1029 eum
486 965 576 1030 omni
603 964 731 1029 liberali
759 965 937 1031 eruditione
965 967 1136 1032 institutus

124 1057 196 1119 tum
220 1055 373 1118 accurata
394 1053 664 1138 philosophorum
686 1054 804 1119 notitia
826 1054 1003 1120 instructus
1027 1078 1065 1121 ex
1084 1079 1137 1140 op·

124 1142 213 1208 timis
237 1142 461 1207 Romanorum
491 1142 850 1227 scriptoribus'omnia,
877 1166 959 1228 quae
984 1144 1025 1209 ad
1047 1145 1136 1229 ipsos

123 1230 352 1317 inpugnandos
384 1231 458 1295 usui
486 1234 597 1295 essent
624 1233 721 1315 atque
749 1232 1008 1315 adcommodata,
1041 1234 1137 1298 colle-

124 1324 219 1406 gerat
250 1323 347 1404 atque
376 1319 588 1403 disposuerat.
634 1322 747 1384 uotum
775 1323 838 1406 est,
870 1342 943 1385 eum
971 1343 1009 1385 ex
1037 1322 1137 1385 uariis

123 1409 328 1493 philosophis
356 1410 389 1473 et
413 1406 545 1473 Graecis
573 1405 728 1494 (maxime
750 1407 901 1495 Platone)
925 1413 959 1473 et
979 1408 1138 1474 Romanis

124 1499 359 1583 praecipueque
383 1518 421 1561 ex
440 1494 606 1562 Ciceronis
629 1497 668 1561 dc
690 1500 808 1562 natura
831 1497 963 1563 deorum
984 1498 1075 1563 libris
1097 1535 1135 1546 -

124 1587 164 1653 ef.
198 1586 384 1652 dissertatio
412 1584 450 1650 E.
478 1583 590 1650 Behrii
624 1583 694 1651 ‘der
721 1584 876 1652 Octavius
904 1587 960 1652 des
988 1585 1031 1651 M.
1059 1586 1138 1651 Min.

123 1675 216 1741 Felix
238 1676 273 1739 in
291 1675 415 1741 seinem
433 1673 681 1740 Verhaeltnisse
699 1697 740 1739 zu
758 1674 888 1742 Ciceros
908 1675 1076 1741 Buechern
1100 1677 1138 1740 de

124 1787 156 1831 n.
179 1763 220 1829 d.'
241 1763 343 1828 Gerae
367 1785 395 1829 a.
417 1763 503 1828 1870
527 1764 646 1828 emissa
667 1799 704 1811 —
727 1766 760 1828 et
778 1761 918 1829 Senecae
941 1765 1040 1829 uariis
1064 1786 1138 1848 ope·

123 1854 213 1918 ribus
233 1850 446 1954 (Dombartus
470 1851 546 1954 edit.
568 1874 599 1936 p.
625 1851 689 1917 135
704 1851 766 1954 sq.)
789 1852 955 1954 laborioso
980 1853 1087 1918 studio
1107 1857 1140 1917 et

123 1939 677 2114 tl{dstlgtttlttut
693 1940 1139 2115 hufflatta

125 2120 185 2184 bus
209 2118 342 2204 gentilis
366 2118 608 2202 superstitionis
631 2121 664 2182 et
687 2118 888 2182 defensorem
906 2116 1083 2184 Caecilium
1108 2125 1140 2182 et

123 2209 373 2294 inpugnatorem
382 2205 555 2273 Octauium
564 2209 692 2272 utentes
702 2206 831 2272 faceret.
855 2211 888 2271 et
902 2210 1060 2292 quantum
1071 2230 1139 2272 sus-

124 2296 274 2381 picienda
287 2298 339 2360 est
353 2318 481 2360 summa
495 2295 651 2380 doctrina,
664 2299 794 2361 tantum
809 2295 999 2361 admiranda
1016 2299 1066 2360 est
1085 2319 1139 2360 ars

124 2387 190 2470 illa,
206 2407 268 2471 qua
283 2385 457 2450 materiam
470 2385 614 2470 undique
628 2385 797 2451 collectam
812 2384 948 2470 digessit
961 2385 1139 2449 ordinauit-

125 2497 186 2560 que
208 2475 302 2539 idem.
339 2494 416 2539 nam
436 2474 671 2559 compositione
690 2475 786 2558 plane
806 2474 938 2560 egregia
957 2477 990 2538 et
1008 2472 1141 2539 Caecilii

124 2565 160 2627 in
178 2563 391 2629 christianam
409 2562 602 2648 religionem
621 2563 784 2628 inuectiua
803 2566 836 2626 et
849 2561 979 2628 Octauii
995 2563 1141 2628 defensio

197 2773 224 2842 ⁴³)
244 2771 372 2841 quaestio
390 2789 441 2840 per
459 2787 488 2826 se
507 2771 556 2825 uix
574 2769 766 2838 dissoluenda,
788 2787 857 2825 num
875 2772 1070 2842 Athenagoras
1088 2773 1141 2827 Mi·

126 2843 209 2898 nucio
229 2843 267 2898 sit
285 2861 351 2898 usus
370 2859 407 2897 an
426 2845 524 2896 eontra
537 2843 585 2897 hic
597 2841 657 2910 illc,
675 2845 733 2897 iam
749 2843 823 2897 certo
837 2843 922 2898 modo
937 2843 1075 2898 dissoluta
1089 2847 1141 2900 est.

128 2915 157 2969 et
180 2914 355 2983 compara-nti
375 2913 447 2967 mihi
464 2913 540 2968 hunc
559 2929 622 2967 cum
640 2912 691 2968 illc
710 2912 905 2969 similitudines
923 2930 1015 2982 neque
1032 2915 1142 2970 multae

126 2999 217 3053 neque
232 2985 383 3039 admodum
398 3001 499 3056 graues
513 2983 587 3040 inter
600 2987 749 3054 utrumque
758 2984 972 3054 intercedentes,
987 2985 1011 3039 si
1021 3002 1055 3039 ex
1064 2988 1142 3041 certa

126 3055 320 3111 recordatione
348 3058 413 3110 sunt
440 3056 623 3126 repetendae,
650 3055 693 3110 ita
716 3054 898 3125 explicandae
922 3057 986 3111 sunt
1007 3055 1086 3112 uisae
1108 3060 1143 3112 ut

129 3126 295 3197 scriptorem
313 3142 445 3197 graecum
463 3127 500 3180 ad
518 3143 664 3182 romanum
683 3128 777 3181 aetate
793 3128 1007 3196 praecedentem
1020 3127 1068 3181 hic
1080 3128 1143 3182 illic

126 3197 1143 3340 {inutilitatumblutluipuldusatla

50 3358 57 3371 ·
128 3342 178 3395 aut
201 3338 274 3395 Celsi
297 3343 397 3395 contra
419 3339 592 3395 Christianos
614 3340 688 3395 libro
711 3341 721 3409 (
767 3383 772 3395 .
796 3339 923 3395 Keimius
945 3338 1012 3394 libri
1032 3339 1142 3396 ‘Celsus

126 3411 236 3467 wahres
249 3410 342 3466 Wort’
363 3428 391 3479 p.
406 3413 479 3480 157),
497 3426 591 3465 meras
608 3413 674 3465 sunt
687 3411 864 3466 coniecturae
877 3427 929 3481 per
942 3428 972 3466 se
984 3412 1065 3466 nulla
1078 3429 1142 3482 pro·

125 3481 283 3537 habilitatis
303 3481 395 3553 specie
414 3482 635 3539 commendatae.
655 3513 688 3523 -
709 3481 757 3554 [cf.
775 3499 850 3537 nunc
867 3483 902 3536 de
916 3483 1099 3553 Athenagora
1113 3485 1144 3538 et

126 3554 271 3609 Kuehnius
290 3555 309 3608 l.
329 3554 347 3608 l.
366 3573 393 3624 p.
415 3559 447 3608 12
466 3553 538 3623 not]
