2430 3938
382 202 553 272 numurus
572 214 787 275 Panaenum.
988 215 1094 274 xxvu

82 363 203 428 dictum
230 361 310 425 illud
337 360 372 424 in
401 361 516 444 capitis
542 361 632 426 tertii
660 361 754 426 initio
777 361 949 444 prolatum.
994 361 1094 427 miror

81 454 190 516 autem
214 449 383 515 Goetzium
406 449 606 514 rectissimae
628 450 888 533 interpretationi
912 471 978 515 non
1001 449 1095 514 insti·

82 539 161 604 tisse
185 539 226 604 ad
248 559 361 603 uerum
385 537 572 622 eruendum,
600 539 655 602 sed
680 539 898 603 coniecturam
922 536 1094 602 Stieberia·

80 650 167 713 nam,
190 649 287 712 quam
309 626 376 690 iam
399 625 561 690 sententia
581 647 707 711 quoque
730 627 859 710 refutat,
882 626 1094 713 nihilominus

82 724 114 781 et
146 716 253 800 ipsum
286 736 356 779 esse
389 714 582 797 amplexum.
623 737 709 779 nunc
736 715 822 779 enim
855 714 958 779 multo
988 714 1093 799 magis

81 804 280 889 quaerimus,
308 824 372 886 quo
395 802 464 866 iure
488 801 556 867 siue
584 803 723 886 pistores
752 803 821 867 siue
845 799 1024 868 Christiani
1053 802 1095 866 ad

81 915 153 958 eam
184 914 279 976 quarn
314 891 465 955 nouimus
496 890 655 954 familiam
683 892 869 956 Plautinum
897 891 1094 974 pertinuisse

81 982 238 1046 dicantur.
270 979 367 1044 facile
387 981 495 1042 autem
516 979 683 1064 sentimus,
706 979 884 1062 perfectum
902 980 973 1043 fieri
992 980 1093 1043 salem

81 1068 311 1145 Caecilianum,
334 1067 362 1130 si
380 1065 535 1131 Octauius
554 1069 787 1132 eamexercuit
806 1071 917 1152 artem,
942 1069 976 1131 in
996 1089 1093 1152 quam

82 1158 157 1221 illae
187 1156 357 1239 prosapiae
381 1155 550 1220 Plautinae
572 1157 790 1238 proprietates
813 1156 896 1220 bene
923 1156 1094 1240 quadrant.

81 1267 164 1332 quae
191 1265 228 1309 re
254 1265 332 1307 uera
355 1244 484 1328 egregie
507 1244 667 1326 quadrant
692 1245 726 1308 in
749 1244 959 1326 causidicum,
988 1245 1093 1327 qualis

82 1334 238 1400 Octauius
262 1337 332 1396 erat
355 1329 396 1417 (c.
416 1332 469 1414 28,
487 1329 537 1418 3),
566 1333 724 1417 siquidem
747 1332 803 1396 ille
826 1331 964 1397 latrator
988 1335 1021 1395 et
1044 1353 1094 1397 ca·

81 1424 193 1488 ninum
224 1420 366 1486 studium
396 1441 547 1485 exercens
576 1421 786 1505 similiterque
814 1420 899 1504 apud
926 1420 1093 1484 Romanos

82 1511 194 1577 audiit.
234 1529 340 1592 neque
362 1512 474 1573 tamen
497 1507 573 1574 hinc
601 1510 704 1592 probo
728 1510 762 1573 id
785 1508 870 1593 quod
895 1508 1094 1592 excogitauit

80 1599 218 1664 Iacobus
247 1591 430 1660 Gronouius
458 1595 630 1660 ‘ictorum'
659 1597 727 1660 siue
756 1595 1094 1680 ‘iurisconsultorum

81 1688 201 1772 quippe
234 1706 315 1768 quos
348 1706 367 1747 a
399 1683 569 1748 causidicis
602 1684 748 1749 diuersos
785 1683 927 1748 familiae
959 1685 1093 1749 caninae

81 1777 219 1841 societas
234 1794 303 1838 non
316 1776 435 1836 teneat.
462 1772 578 1837 melius
592 1772 709 1837 fuisset
723 1771 892 1837 ‘actorum'
906 1771 961 1835 uel
975 1771 1094 1856 ‘patro-

81 1861 217 1929 norum'.
259 1861 315 1926 sed
342 1860 436 1924 huius
465 1861 609 1925 notionis
632 1861 827 1926 uocabulum
850 1861 1004 1925 litterulis
1027 1865 1094 1926 tra-

82 1952 159 2017 ditis
178 1951 282 2035 magis
302 1949 455 2015 accedens
475 1949 553 2012 dum
569 1971 697 2034 quaero,
720 1971 833 2014 uerum
853 1970 923 2014 esse
942 1950 1095 2033 apparuit

82 2035 266 2105 ‘ditiorum'
286 2037 354 2102 siue
373 2037 601 2118 ‘disertorum’,
626 2039 784 2122 siquidem
803 2039 938 2102 uerbum
957 2035 1094 2103 ‘diserti'

83 2128 225 2212 (dequo
254 2126 458 2191 substantioe
486 2127 594 2209 posito
623 2126 662 2191 ef.
687 2127 793 2192 Taciti
821 2127 895 2191 dial.
919 2148 945 2198 c.
963 2123 997 2211 1)
1021 2148 1094 2191 cum

80 2218 272 2297 contemptu
296 2218 441 2278 oratores
464 2213 610 2278 forenses
634 2215 776 2279 denotat.

149 2325 175 2368 c.
192 2303 242 2384 16,
258 2302 279 2364 2
297 2303 351 2365 sat
366 2302 401 2364 ia
415 2301 528 2365 Natali
545 2322 611 2366 mco
623 2305 793 2367 ansatum
810 2303 890 2384 nolo,
908 2322 972 2367 aaa
989 2303 1093 2367 credo:

75 2392 188 2476 procul
205 2395 249 2455 est
266 2389 305 2453 ab
323 2389 389 2453 aas
406 2389 602 2469 simplicitate
616 2390 739 2454 subtilis
752 2391 922 2454 urbanitas.
949 2390 1094 2472 ineptam

82 2502 139 2565 per
162 2501 196 2543 se
219 2478 368 2543 uoculam
393 2475 493 2540 ‘nolo’
515 2475 633 2561 (neque
656 2476 742 2541 enim
765 2477 836 2562 hoe,
861 2477 946 2542 sitne
965 2476 1093 2542 Natalis

82 2572 231 2634 uersutus
263 2587 378 2650 necne,
410 2565 452 2628 ab
480 2563 597 2630 Octaui
629 2567 799 2630 uoluntate
830 2563 962 2649 pendet)
990 2587 1093 2650 neque

81 2660 250 2722 coeuntem
274 2651 326 2739 (ut
348 2653 483 2738 agnouit
500 2650 679 2740 Usenerus)
698 2675 771 2718 cum
794 2654 1003 2737 sequentibus
1027 2654 1094 2718 illis

81 2745 161 2810 ‘non
180 2741 286 2808 credo'
307 2742 354 2806 sic
372 2743 448 2807 licet
465 2741 618 2807 retinere:
643 2741 832 2807 ‘uersutiam
852 2743 928 2806 nolo
947 2764 1094 2807 noscere:

79 2833 188 2917 eredo,
207 2831 320 2915 procul
338 2829 400 2895 est'
415 2851 479 2913 eqs.
508 2828 629 2895 omisso
649 2831 773 2895 scilicet
792 2829 868 2894 ‘ere'
884 2833 959 2894 ante
974 2829 1109 2895 ‘credo''

82 2943 121 2988 ex
137 2918 238 2986 ‘nose'
253 2919 359 2984 euasit
372 2917 474 2984 ‘non'.'
502 2940 607 3002 neque
626 2940 702 2983 uero
723 2919 909 3003 displicebit
926 2921 983 2983 aut
999 2941 1094 3003 asyn-

79 3010 181 3074 deton
199 3007 426 3091 explicatiuum
445 3012 502 3071 aut
521 3006 640 3071 ‘credo'
659 3009 694 3071 in
711 3007 806 3072 initio
821 3006 964 3089 positum
978 3006 1093 3092 (Hein-

82 3095 204 3162 dorfius
228 3095 269 3161 ad
292 3096 370 3160 Hor.
389 3102 449 3160 sat.
468 3095 533 3177 13,
556 3092 623 3180 53).

150 3206 176 3250 c.
201 3186 257 3269 16,
284 3184 305 3249 5
341 3185 452 3248 diuites
486 3183 686 3263 facultatibus
721 3185 787 3248 sais
817 3184 962 3277 tulicatcs
993 3185 1095 3266 mupis

80 3294 198 3341 aarum
220 3273 370 3355 suspicere
392 3291 547 3337 masmae
569 3292 663 3353 qaum
685 3272 816 3350 caetum,
843 3277 993 3338 nostrates
1013 3293 1095 3355 peu»

75 3383 168 3446 peres
191 3367 220 3426 et
245 3366 426 3426 commeatus
449 3381 511 3424 esse
533 3361 732 3441 prudentium
755 3366 783 3425 et
805 3361 968 3425 tradidisse
990 3361 1095 3424 ceteris

80 3451 288 3532 discplinam.
320 3470 477 3532 pauperes
495 3447 681 3512 ‘nostrates'
700 3469 767 3512 non
786 3452 922 3532 possunt
940 3468 1010 3511 esse
1029 3448 1094 3511 nisi

81 3538 268 3622 christiani,
296 3537 350 3621 qui
373 3540 484 3601 tamen
507 3557 610 3621 neque
634 3535 809 3622 quidquam
832 3537 868 3601 in
890 3535 1094 3619 philosophia
