2430 3938
401 203 579 260 OCTAVIUS
598 221 620 259 c.
640 211 682 262 20.
703 210 745 259 21.
1035 204 1076 267 31

66 351 120 416 uel
153 351 274 433 scripta
306 350 517 433 sapientium:
556 349 667 414 eadem
700 371 825 414 mecum
857 369 1078 432 recognosces.

67 441 111 504 ob
133 439 248 502 merita
271 439 402 502 uirtutis
426 441 483 501 aut
506 438 647 502 muueris
672 437 749 502 deos
772 437 903 502 habitos
922 436 1078 501 Euheme-

65 549 122 593 rus
143 528 329 611 exsequitur
348 532 381 591 et
400 547 511 591 eorum
530 527 657 592 natales
675 527 798 609 patrias
819 527 968 608 sepulcra
987 527 1078 589 dinu-

65 620 171 682 merat
199 619 231 680 et
257 637 315 698 per
349 615 532 700 prouincias
564 618 740 697 monstrat,
774 614 901 679 Dictaei
929 614 1018 678 Iouis
1047 619 1079 678 et

38 704 228 788 sApolliuis
254 704 404 789 Delphici
433 708 465 767 et
492 703 631 769 Phariae
653 703 749 768 Isidis
779 706 811 766 et
834 701 959 767 Cereris
983 702 1077 766 Eleu-

66 793 179 859 siniae.
215 793 368 858 Prodicus
393 793 564 875 adsumpta
586 792 619 855 in
642 791 718 856 deos
737 791 889 875 loquitur,
914 813 996 875 quae
1016 792 1115 871 [er-a

64 881 167 947 raudo
186 881 328 945 inuentis
351 881 447 946 nouis
468 880 630 964 frugibus]
655 880 790 944 utilitati
813 880 980 944 hominum
1003 900 1077 962 pro-

66 969 205 1036 fuerunt.
245 970 280 1035 in
308 969 442 1033 candem
471 969 666 1033 sententiam
695 971 727 1032 et
754 967 910 1032 Persaeus
937 969 1105 1052 philoso·.

64 1058 198 1143 phatur:
215 1058 277 1123 dici
292 1058 435 1123 adnectit
448 1058 600 1121 inuentae
614 1057 725 1140 fruges
741 1059 773 1120 et
786 1057 916 1141 frugum
931 1056 1077 1139 ipsarum

23 1163 52 1206 1⁰
64 1151 247 1231 repertores
280 1147 383 1210 isdem
415 1145 614 1227 nominibus,
646 1150 683 1210 ut
711 1146 853 1210 comicus
883 1166 989 1209 sermo
1019 1147 1078 1223 est,

64 1233 226 1300 Venerem
248 1235 317 1299 sine
335 1234 452 1299 Libero
473 1238 505 1298 et
524 1232 639 1299 Cerere
659 1233 787 1318 frigere.
819 1233 1004 1297 Alexander
1022 1233 1114 1300 illes

64 1344 204 1410 magnus
231 1322 365 1389 Macedo
393 1323 513 1408 insigni
546 1323 711 1387 uolumine
743 1323 783 1386 ad
815 1325 954 1385 matrem
986 1343 1078 1384 suam

65 1412 210 1495 scripsit,
240 1416 329 1477 metu
358 1434 434 1476 suae
463 1412 636 1496 potestatis
664 1411 829 1494 proditum
858 1409 921 1474 sibi
949 1409 987 1473 de
1016 1409 1077 1473 diis

64 1500 251 1566 hominibus
275 1524 295 1565 a
318 1500 483 1565 sacerdote
506 1503 679 1564 secretum:
706 1499 776 1563 illic
794 1497 976 1563 Vulcanum
1000 1497 1078 1560 facit

22 1590 212 1654 :somnium
231 1589 418 1672 principem,
437 1593 470 1652 et
488 1591 604 1671 postca
623 1587 711 1651 Iouis
731 1592 868 1671 gentem.
902 1584 1077 1650 Saturnum
1095 1604 1113 1652 4

64 1678 152 1742 enim
189 1675 366 1759 principem
405 1675 500 1740 huius
537 1675 665 1758 generis
703 1679 736 1738 et
772 1674 929 1738 examinis
967 1695 1077 1738 omnes

64 1766 242 1848 scriptores
266 1765 438 1828 uetustatis
458 1762 574 1828 Graeci
591 1762 794 1848 Romanique
816 1762 981 1827 homiuem
1004 1783 1077 1845 pro-

64 1852 225 1919 diderunt.
267 1853 329 1917 scit
355 1853 417 1918 hoc
444 1851 556 1935 Nepos
584 1854 617 1915 et
644 1850 776 1917 Cassius
804 1852 838 1916 in
865 1851 1017 1935 historia3
1046 1855 1079 1914 et

64 1941 201 2006 Thallus
221 1963 258 2006 ac
273 1941 434 2007 Diodorus
450 1942 513 2006 hoc
531 1941 714 2024 loquuntur.
746 1941 775 2004 is
793 1940 903 2025 itaque
918 1938 1076 2004 Saturnus
1096 1957 1113 2007 ὁ

24 2047 51 2088 20
65 2028 163 2095 Creta
185 2031 343 2116 profugus
361 2029 493 2096 Italiam
517 2033 606 2094 metu
624 2029 684 2093 filii
703 2029 878 2094 saeuientis
898 2031 1078 2094 accesserat

65 2122 98 2183 et
116 2118 188 2181 lani
212 2123 379 2203 susceptus
400 2119 545 2203 hospitio
564 2118 659 2183 rudes
677 2119 751 2183 illos
769 2119 916 2183 homines
936 2121 968 2181 et
987 2137 1077 2200 agre-

65 2210 134 2272 stes
167 2207 271 2270 multa
303 2208 412 2271 docuit
443 2212 480 2272 ut
509 2205 685 2271 Graeculus
719 2210 751 2270 et
783 2207 919 2288 politus,
952 2206 1077 2269 litteras

65 2295 251 2380 inprimere,
269 2316 418 2359 nummos
439 2296 576 2379 signare,
594 2295 808 2358 instrumenta
826 2294 991 2358 conficere.
1019 2294 1078 2356 ita·
1097 2312 1113 2360 6

52 2397 126 2468 ‘que
150 2383 308 2448 latebram
333 2405 433 2461 suam,
457 2381 543 2465 quod
561 2384 632 2446 tuto
652 2383 812 2461 latuisset,
834 2382 945 2447 uocari
962 2382 1078 2445 maluit

26 2471 210 2556 analium,
236 2475 270 2536 et
292 2471 406 2536 urbem
429 2469 616 2536 Saturniam
639 2469 724 2535 idem
748 2469 786 2534 de
811 2491 869 2534 suo
892 2470 1023 2536 nomine
1047 2472 1079 2533 et

138 2634 153 2683 2
173 2628 345 2684 Euhemerus
360 2628 502 2684 Gelenius:
520 2628 630 2682 erueret
643 2633 663 2678 P
676 2627 686 2695 ll
700 2634 716 2680 4
736 2626 812 2681 dieta
829 2626 855 2680 ei
868 2615 940 2681 iouis
953 2627 989 2695 (ei
1003 2620 1079 2680 ia'et

64 2701 146 2759 corr.)
160 2705 180 2751 P
193 2700 202 2768 l
218 2704 233 2753 5
253 2701 365 2754 delficos
384 2699 472 2754 feriae
492 2700 534 2766 (ia
552 2697 616 2752 delfi
632 2701 661 2752 et
674 2697 770 2766 pariae
785 2713 853 2754 corr.
868 2715 902 2752 m.
917 2699 946 2766 2)
960 2703 989 2764 P,
1008 2713 1076 2751 corr.

64 2771 105 2825 ed.
130 2786 176 2839 pr.
199 2774 209 2840 ΙΙ
232 2778 248 2825 6
271 2769 404 2840 prodigus
428 2776 461 2837 P,
485 2786 554 2825 corr.
577 2768 720 2838 Ripaltc'aa
745 2772 749 2837 Ι
775 2768 925 2837 adsumpta
948 2798 981 2806 -
1006 2782 1078 2836 quae

63 2841 165 2909 scripsi
178 2843 275 2910 (supro
288 2858 319 2911 p.
333 2840 461 2910 XXXID:
481 2841 644 2910 adsumptos
658 2871 692 2880 -
706 2840 754 2908 qui
768 2839 799 2910 Pl
820 2846 870 2907 6‚‘l
885 2838 1003 2892 errando
1017 2838 1035 2892 i.
1049 2855 1077 2891 u.

63 2910 192 2981 frugibus
210 2917 242 2967 at
259 2913 389 2983 ploasema
407 2913 445 2967 ad
464 2909 572 2966 Cereris
590 2910 749 2965 Eleusiniae
807 2912 939 2978 scriptam
957 2911 1055 2964 seclusi
1068 2909 1078 2980 ll

65 2987 118 3050 8,9
138 2998 253 3051 perseus
267 2983 424 3037 filosofatnr
437 2987 457 3034 P
470 2984 509 3051 119
530 2981 586 3036 dici
604 2983 716 3051 scripsi:
736 2983 765 3036 et
781 2985 818 3049 Ξ
837 2984 876 3048 (et
894 2997 928 3036 ex
946 2996 978 3034 ec
997 2983 1077 3050 corr.)

64 3058 98 3120 P;
127 3052 184 3106 dici
207 3059 271 3122 post
294 3054 382 3108 isdem
405 3053 486 3108 addit
513 3052 659 3121 Useaeras,
683 3052 794 3106 audisse
817 3053 916 3107 ibidem
935 3052 1052 3122 Machlp
1069 3051 1078 3122 ll
1103 3095 1105 3098 .

66 3129 101 3178 14
120 3123 181 3178 illic
198 3123 355 3194 Ripaltias:
372 3123 416 3178 illi
431 3125 474 3192 Pl}
490 3130 523 3178 15
537 3129 602 3193 post
620 3127 733 3197 gentem
752 3125 784 3177 ia
798 3130 818 3175 P
835 3127 964 3178 secuntur
983 3123 1011 3176 et
1030 3125 1077 3175 de·

65 3194 150 3318 spicis
169 3194 250 3318 ispldis
270 3195 305 3277 ad
325 3195 624 3320 ὴίἷᾳέιάἰηοωδὲᾌοὸΒδ,
642 3195 666 3261 1)
685 3210 769 3318 papae
787 3196 824 3249 ad
843 3211 906 3249 cum
921 3193 958 3318 sip
971 3192 1077 3317 ueritis

64 3267 591 3419 dida'ltadiaddeiissliilioiteiluhpaer’eoi
605 3270 1076 3406 diadodtmgdriineidadlioqadteoadia:

65 3407 132 3490 bula
146 3409 282 3476 perierint
301 3410 385 3477 (emm
405 3422 457 3476 qao
471 3407 608 3474 referatur
621 3421 678 3460 ooo
690 3407 788 3488 ¹leuabat),
803 3408 903 3462 aetati.-
921 3421 1011 3459 rerum
1026 3421 1075 3472 po·

64 3479 148 3532 trtam
169 3495 237 3545 essa,
257 3479 422 3534 dissentiens
441 3495 458 3532 a
477 3477 576 3533 ceteris
591 3478 750 3533 auctoribus
764 3479 773 3546 ΙΙ
789 3483 822 3532 18
837 3481 865 3532 et
880 3475 1017 3545 (alterum)
1032 3476 1074 3528 de·

65 3549 119 3604 lere
133 3549 191 3604 uolt
204 3549 336 3605 Halmius
350 3552 359 3618 l
373 3555 407 3603 25
421 3549 495 3603 idem
511 3547 656 3604 Uacaeras:
671 3547 749 3603 dedit
762 3555 782 3601 P
796 3548 885 3603 indito
897 3546 1073 3600 Dombortus.
