2430 3938
401 210 572 266 EDITORIS
590 209 807 266 PRAEFATIO.
1076 211 1116 266 IX

102 357 138 419 in
161 355 311 420 omnibus
336 360 368 421 et
391 356 569 421 maioribus
592 360 625 420 et
647 355 826 420 minoribus
850 356 998 440 partibus
1023 357 1116 422 artis·

104 445 184 509 sime
211 445 297 509 inter
325 466 359 509 se
386 444 596 528 respondent,
623 448 661 509 ut
687 448 798 509 tamen
825 445 860 509 in
888 449 1024 529 utraque
1048 467 1117 510 ora·

103 533 192 597 tione
215 533 444 617 disputationis
468 537 561 597 tenor
585 537 733 597 seruatus
757 534 801 597 sit
822 554 925 618 neque
945 534 1117 599 interrum-

103 625 201 705 patur
237 622 342 686 iustus
377 623 612 688 sententiarum
644 643 850 707 progressum
888 623 928 688 cf.
961 622 1117 706 ‘analysis

103 709 222 795 logica'
245 711 280 774 in
302 709 455 776 Lindneri
479 711 629 775 editione.
667 710 730 775 huc
754 711 834 775 adde
857 710 1034 795 perfectam
1055 711 1117 776 dis·

106 799 232 864 serendi
261 803 363 886 artem
393 801 425 864 et
442 820 590 864 acumen
618 820 794 883 summum,
822 800 910 864 adice
938 800 1117 883 figurarum

104 887 340 953 rhetoricarum
372 889 499 953 uarium
529 888 739 972 pulcrumque
766 910 873 971 usum,
907 889 1043 973 denique
1070 890 1118 953 in·

105 975 200 1040 tende
218 976 255 1040 in
273 978 430 1042 sermonis
450 998 490 1040 ex
508 974 673 1042 Ciceronis
692 980 725 1042 et
742 981 912 1059 poetarum
935 977 1118 1042 imitatione

105 1065 187 1129 bene
210 1065 304 1130 mixti
328 1086 365 1129 ac
388 1065 561 1148 compositi
583 1065 715 1130 delicias
735 1065 848 1130 miras:
871 1066 1042 1152 intelleges
1061 1088 1119 1130 cur

105 1152 159 1217 hic
179 1152 326 1237 dialogus
344 1157 413 1218 tam
431 1154 526 1218 ualde
544 1155 705 1238 placuerit
718 1154 867 1238 patribus
882 1155 1119 1239 ecclesiasticis,

107 1241 223 1325 quibus
247 1242 391 1327 alioquin
413 1242 568 1308 laudandi
592 1264 665 1307 eum
689 1264 787 1307 causa
808 1265 875 1309 non
898 1247 992 1310 esset.

173 1329 258 1395 Nam
279 1330 307 1395 si
325 1352 402 1396 cura
419 1331 595 1397 intentiore
614 1330 789 1397 Octauium
807 1332 1015 1418 perlegimus,
1037 1331 1118 1396 illud

105 1419 200 1484 nobis
224 1420 400 1503 permirum
425 1420 542 1485 accidit
566 1421 652 1505 quod
674 1421 709 1485 in
732 1421 793 1486 hac
817 1420 1049 1485 christianismi
1069 1420 1119 1484 de-

105 1506 252 1572 tensione
273 1508 396 1573 frustra
415 1510 599 1592 quaerimus
619 1509 906 1573 christianismum.
943 1511 1119 1593 numquam

105 1594 267 1661 Minucius
300 1601 358 1660 aut
390 1596 512 1662 Christi
545 1618 665 1662 nomen
697 1597 831 1662 adhibet
865 1601 922 1662 aut
953 1619 992 1661 ex
1024 1597 1119 1661 libris

107 1684 256 1770 sacris*)
271 1686 359 1749 locos
384 1685 496 1750 adfert.
533 1707 631 1770 porro
654 1685 694 1750 de
718 1686 763 1749 eis
787 1706 869 1768 quae
893 1686 1025 1769 propria
1044 1690 1120 1750 sunt

107 1773 174 1838 cult
160 1777 214 1838 tus
238 1772 408 1838 christiani
431 1795 471 1838 ne
490 1774 626 1838 uerbum
646 1772 773 1857 quidem
793 1777 895 1838 extat:
920 1774 959 1838 de
978 1771 1067 1863 λόγῳ
1088 1776 1121 1838 et

107 1852 225 1946 spiritu
248 1866 361 1927 sancto
385 1867 419 1927 et
441 1863 588 1927 trinitate
556 1863 768 1945 tdoctrina,
791 1862 900 1926 diuina
923 1862 1028 1927 fidei
1018 1863 1120 1947 inspi-

107 1951 201 2034 ratio,
224 1951 406 2035 baptismus
430 1973 574 2035 quaeque
596 1952 661 2016 alia
679 1913 768 2036 apud
785 1955 835 2017 cst
836 1973 908 2016 eros
928 1952 1120 2037 apologetas

107 2039 270 2105 disserunt
256 2045 317 2118 tur,
340 2042 408 2105 alto
432 2041 562 2105 silentio
581 2044 773 2124 premuntur
791 2040 877 2124 apud
895 2040 1045 2125 Felicem,
1068 2041 1121 2105 cui

106 2129 254 2194 ueritatis
286 2131 342 2194 lux
370 2132 420 2193 est
446 2129 703 2194 monotheismus
733 2133 766 2194 et
793 2129 909 2195 erroris
936 2150 1001 2194 nox
1029 2129 1120 2214 poly-

107 2215 280 2300 theismus,
308 2218 359 2282 cui
384 2217 469 2282 hunc
492 2240 593 2283 unum
617 2219 711 2283 deum
736 2218 864 2283 credere
888 2220 920 2282 et
943 2219 1047 2282 colere
1071 2221 1121 2282 est

108 2306 225 2369 mentis
244 2306 463 2391 intellegentis
483 2327 573 2391 opus,
596 2307 647 2370 cui
666 2307 837 2390 inspiratio
856 2328 922 2371 non
941 2305 1006 2370 alia
1025 2327 1122 2389 quam

109 2414 191 2478 quae
228 2393 314 2477 apud
348 2393 495 2458 ethnicos
529 2416 655 2478 quoque
688 2395 827 2459 occurrit
858 2399 908 2457 est
940 2398 1033 2477 nota,
1069 2394 1121 2459 cui

109 2483 214 2548 omnis
248 2482 421 2567 disciplina
452 2482 632 2547 christiana
663 2483 699 2546 in
730 2483 800 2547 uita
830 2484 916 2546 iusta
946 2486 979 2547 et
1005 2483 1062 2567 pia
1088 2487 1122 2547 et

108 2575 199 2637 casta
222 2572 380 2637 consistit.
417 2570 533 2656 quodsi
556 2571 685 2636 abesset
706 2569 964 2636 Christianorum
988 2573 1121 2658 mentio,

108 2663 285 2725 tractatum
309 2683 396 2725 mere
420 2660 682 2745 philosophicum
703 2664 738 2724 te
761 2661 868 2746 legere
886 2663 1029 2743 putares.
1067 2682 1121 2725 ua-

108 2749 166 2813 riis
204 2755 314 2815 autem
350 2749 455 2815 modis
491 2749 576 2814 hanc
612 2771 680 2813 rem
713 2748 830 2813 miram
862 2749 1023 2832 explicare
1056 2753 1122 2814 stu·

109 2839 260 2921 duerunt3
288 2858 363 2902 nam
392 2838 455 2904 hoc
481 2859 559 2902 sane
586 2839 620 2903 in
648 2839 822 2922 propatulo
846 2841 909 2919 est,
936 2859 1002 2902 non
1024 2859 1122 2922 posse

180 2993 205 3064 ¹¹)
229 3011 325 3049 omnes
349 2994 424 3050 enim
446 2993 504 3049 loci
527 2994 576 3062 qui
598 2994 821 3050 recordationem
845 3009 942 3049 eorum
959 2993 1063 3051 referre
1081 2994 1123 3048 ui·

109 3066 221 3135 dentur,
245 3083 279 3120 ex
298 3065 436 3120 similibus
455 3064 631 3120 ethnicorum
650 3065 816 3148 scriptorum
835 3065 979 3120 inlustrari
997 3067 1122 3135 possunt,

108 3136 163 3262 3¹⁸5
182 3109 258 3206 qdod
277 3137 337 3262 solta
356 3154 379 3192 c.
395 3142 468 3261 36,ᾶό
488 3137 601 3259 uerba}1
593 3152 659 3191 auec
676 3137 735 3190 siue
749 3137 919 3261 patrimcpio
935 3137 1040 3260 ιὶιίιιιιιιι
1050 3137 1102 3260 eg
1090 3151 1123 3190 ιιι

128 3225 180 3262 aem
230 3223 317 3262 aecem
328 3225 364 3262 ur
395 3225 433 3261 un
454 3223 537 3262 enam
593 3207 702 3262 mucius
735 3225 795 3261 sum
817 3222 872 3262 serr
911 3225 939 3261 m
971 3225 982 3260 1
1027 3225 1058 3261 ur
1077 3223 1123 3261 em

107 3224 236 3349 ignotudi
260 3278 398 3333 estred
421 3279 444 3332 si
465 3278 560 3333 omnia
579 3279 703 3334 Senecae
721 3224 826 3359 scripta
843 3225 1062 3348 possideremdrs,
1085 3275 1123 3331 ad

108 3350 184 3405 hunc
206 3351 304 3418 procul
327 3349 412 3404 dubio
434 3353 550 3419 possent
567 3349 676 3405 referri:
700 3350 770 3404 adeo
788 3348 860 3404 illud
878 3350 938 3405 ιιιιι
951 3349 1123 3430 patrimonio

108 3437 255 3476 romanum
275 3420 349 3490 sapit
368 3423 519 3476 auctorem
547 3420 665 3482 fortasse
684 3435 717 3474 ex
736 3437 837 3490 graeco
853 3421 974 3489 quodam
988 3419 1122 3488 scriptore

110 3492 204 3618 Stoici?
224 3493 364 3547 sententia
382 3492 433 3546 illa
455 3492 514 3546 et'
505 3510 535 3545 m
555 3491 688 3547 Senecam
714 3491 772 3546 et
765 3509 794 3545 m
811 3489 987 3545 Matthaeum
1005 3491 1123 3544 Lucam·

108 3579 162 3632 que
200 3563 299 3617 uxerit.
