2430 3938
315 823 562 911 EDITORIS
594 822 904 910 PRAEFATIO.

598 1033 625 1104 Ι.

172 1171 216 1237 Μ.
245 1171 405 1236 Minucius
433 1171 536 1253 Felix,
569 1171 632 1236 fori
659 1171 798 1235 Romani
830 1170 1023 1252 causidicus,
1056 1193 1118 1254 quo

104 1264 251 1344 tempore
266 1261 441 1346 dialogum,
461 1260 512 1325 cui
528 1259 655 1325 Octauii
671 1260 765 1325 amici
779 1282 898 1325 nomen
912 1258 1066 1344 inposuit,
1085 1260 1120 1323 in

104 1350 269 1433 publicum
289 1350 442 1434 emiserit,
461 1352 642 1414 accuratius
661 1371 757 1433 quam
772 1349 872 1433 uulgo
888 1352 1038 1414 statuunt
1051 1348 1120 1411 erui
1165 1350 1168 1357 “

103 1460 199 1520 posse
222 1442 311 1521 puto.

171 1526 216 1591 Et
241 1527 275 1590 in
300 1527 487 1590 uniuersum
513 1526 641 1609 quidem
666 1527 693 1590 si
716 1526 864 1589 libellum
887 1525 1119 1609 examinamus,

105 1615 265 1679 sermonis
289 1614 376 1678 color
399 1620 496 1697 atque
519 1616 703 1698 proprietas
727 1613 870 1679 ostendit
885 1612 1032 1678 ¹Felicem
1057 1617 1118 1677 ste

102 1703 183 1767 tisse
212 1705 253 1766 ab
282 1724 391 1766 eorum
420 1709 527 1786 parte,
557 1703 612 1787 qui
640 1703 750 1766 stilum
779 1700 1026 1767 Ciceronianum
1055 1702 1118 1766 sibi

103 1791 295 1856 imitandum
315 1796 533 1875 sumpserunt,
555 1791 587 1855 h.
607 1813 642 1876 e,
666 1791 852 1856 distinctius
873 1795 910 1854 ut
928 1791 1054 1880 loquar,
1076 1790 1117 1855 ad

104 1879 295 1955 Quintiliani
320 1881 458 1944 maxime
483 1885 516 1945 et
538 1879 636 1944 Plinii
659 1879 795 1945 minoris
815 1881 997 1963 exemplum
1017 1877 1118 1943 Tullii

104 1975 295 2033 sectatorem
324 1969 433 2033 fuisse.
481 1969 602 2049 abqhis
626 1973 736 2033 tamen
761 1991 799 2034 eo
823 1968 944 2048 differt,
973 1967 1059 2053 quod
1082 1968 1117 2032 in

102 2058 267 2122 nonnullis
287 2058 383 2123 rebus
403 2058 544 2122 labentis
564 2063 660 2142 atque
678 2058 714 2121 in
733 2079 853 2123 nouam
869 2057 1007 2141 speciem
1023 2053 1117 2143 (puta

104 2166 185 2227 eam,
204 2168 285 2229 quae
304 2146 545 2210 Antoninorum
567 2169 647 2212 aeuo
666 2151 733 2210 tam
753 2168 791 2211 ex
811 2146 917 2211 studio
936 2146 1116 2230 priscorum

104 2234 387 2318 obsoletorumque
412 2236 606 2318 scriptorum
631 2257 727 2318 quam
751 2257 790 2299 ex
813 2235 962 2298 inruente
986 2234 1117 2318 prouin-

102 2323 225 2386 ciarum
253 2344 370 2407 genere
399 2323 552 2405 loquendi
576 2329 688 2386 exorta
711 2319 776 2408 est)
800 2322 986 2387 inclinantis
1011 2322 1117 2386 latini-

101 2412 180 2475 tatis
204 2411 326 2475 indicia
348 2411 402 2474 hic
424 2411 492 2474 illic
513 2411 578 2475 iam
597 2432 675 2496 prae
694 2431 728 2474 se
747 2411 824 2475 fert:
848 2432 944 2475 nemo
963 2410 1116 2474 nimirum

102 2521 161 2564 suo
192 2501 320 2564 saeculo
353 2501 400 2563 ita
432 2504 541 2582 potest
573 2500 738 2583 reluctari,
769 2503 807 2563 ut
833 2498 916 2564 nihil
945 2499 1013 2563 eius
1041 2521 1116 2564 con·

103 2589 267 2653 suetudini
293 2588 455 2653 concedat.
493 2589 556 2653 huc
577 2588 698 2653 referas
718 2588 885 2672 dictiones,
909 2589 1020 2672 quales
1041 2593 1116 2652 sunt

101 2698 139 2740 ex
164 2699 212 2763 gr.
235 2679 270 2742 ia
288 2679 546 2759 praesentiarum,
568 2679 631 2742 huc
655 2677 907 2762 praepositionis
930 2677 967 2742 de
989 2699 1047 2760 pro
1067 2677 1115 2741 in-

105 2767 311 2830 strumentali
334 2789 437 2850 usum,
461 2767 525 2831 alia
549 2766 714 2852 similia*).
752 2771 784 2830 et
806 2773 843 2830 ut
865 2766 916 2829 his
940 2766 1036 2830 rebus
1055 2764 1115 2830 Mi-

172 2941 197 3008 *)
216 2939 248 2993 In
268 2956 422 2994 sermonem
441 2939 632 2994 Minucianum
651 2943 796 3010 artemque
815 2940 983 2995 rhetoricam
1004 2940 1052 3008 qui
1065 2957 1113 3010 pe·

100 3011 200 3065 culiari
213 3011 306 3066 studio
320 3011 460 3080 inquirere
474 3010 552 3073 uelit,
568 3027 632 3065 eum
646 3027 748 3081 operae
762 3012 883 3082 pretium
899 3013 1038 3067 facturum
1053 3027 1113 3066 esse

99 3084 175 3152 puto.
219 3085 260 3136 ita
285 3088 379 3136 autem
402 3082 486 3136 huius
509 3080 698 3150 inquisitionis
721 3099 786 3152 pars
809 3085 884 3153 prior
906 3084 1056 3150 tractetur,
1081 3084 1114 3136 ut

98 3157 228 3223 respectu
252 3153 352 3206 habito
380 3158 439 3207 tam
467 3152 646 3207 admixtionis
674 3171 706 3207 ex
730 3154 841 3223 poetico
870 3157 899 3210 et
925 3153 1044 3208 iuridieo
1071 3153 1111 3207 lo·

100 3225 203 3293 qucndi
223 3241 325 3295 genere
343 3225 435 3278 factae
454 3241 537 3292 quam
558 3224 617 3278 eius
636 3225 714 3292 artis,
734 3243 789 3295 qua
803 3225 941 3281 Minucius
956 3223 1069 3279 Caecilii
1084 3226 1113 3279 et

100 3295 211 3350 Octauii
227 3294 412 3364 proprietates
428 3294 538 3349 dicendi
554 3294 731 3364 aliquatenus
746 3313 857 3352 seruare
868 3295 982 3364 studuit,
998 3295 1111 3349 demon-

99 3368 203 3421 stretur
229 3366 368 3437 quomodo
388 3367 464 3421 color
482 3367 649 3436 praecipuus
669 3366 812 3422 Tullianus
831 3369 977 3438 paululum
996 3364 1034 3419 eit
1053 3381 1111 3420 cor·

98 3444 196 3507 ruptus
212 3439 276 3492 luco
291 3435 342 3491 illo
352 3436 492 3502 Africano,
506 3439 648 3492 attamen
662 3437 743 3493 huius
757 3439 906 3493 africitatis
920 3442 981 3493 tmn
992 3435 1111 3490 Romam

98 3508 203 3564 intrare
227 3507 385 3576 incipientis
408 3509 553 3564 modestus
576 3508 613 3563 sit
636 3528 701 3564 usus
724 3527 815 3579 neque
838 3509 867 3564 in
890 3510 944 3564 hoc
966 3508 1025 3560 tam
1050 3522 1110 3560 cor-

914 3595 951 3651 a*
