2430 3938
143 209 186 273 36
498 205 641 262 llllNUOll
658 204 797 261 FELICIS

142 355 258 438 loquar
280 351 396 417 Martis
425 354 458 415 et
480 350 618 415 Veneris
647 350 841 414 adulterium
865 347 1104 433 deprehensum
1127 356 1158 414 ot

143 444 178 507 in
202 440 390 526 Ganymede
408 439 497 504 Iouis
521 443 669 524 stuprum
693 439 784 503 caelo
804 436 1052 504 consecratum?
1076 458 1158 522 quse

145 531 254 596 omnia
285 531 319 594 in
345 529 408 593 hoc
436 527 579 611 prodita,
610 532 648 591 ut
674 528 765 591 uitiis
797 526 967 591 hominum
999 526 1159 611 quaedam

110 620 321 686 sauctoritas
353 620 531 700 pararetur.
574 617 626 681 his
654 620 752 701 atque
778 614 965 680 huiusmodi
991 614 1159 700 figmentis

145 713 178 772 et
202 706 376 771 mendaciis
401 704 597 770 dulcioribus
622 707 871 786 corrumpuntur
894 703 1027 788 ingenia
1044 724 1158 787 puero
1180 718 1191 761 t

145 818 217 861 rum
241 799 275 858 et
296 793 400 858 isdem
424 793 544 857 fabulis
567 792 810 858 inhaerentibus
834 792 977 876 adusque
996 813 1160 856 summum

146 883 263 948 aetatis
277 882 377 946 robur
392 881 581 946 adolescunt
594 886 628 945 et
644 881 679 945 in
697 880 801 946 isdem
821 880 1030 966 opinionibus
1050 879 1161 945 miseri

146 976 392 1054 consenescunt,
410 992 480 1035 cum
503 971 547 1034 sit
564 971 685 1034 ueritas
704 969 811 1053 obuia,
835 969 891 1034 sed
909 969 1160 1053 requirentibus.

111 1079 127 1126 9
147 1059 218 1144 quis
239 1079 316 1144 ergo
336 1058 474 1141 dubitat,
492 1059 624 1124 deorum
644 1057 804 1142 imagines
823 1061 1028 1123 consecratas
1042 1058 1161 1143 uulgus

146 1170 240 1212 orare
263 1152 297 1212 et
323 1148 452 1232 publice
476 1148 594 1230 colere,
623 1147 699 1212 dum
723 1147 833 1232 opinio
858 1150 892 1210 et
914 1167 1006 1211 mens
1029 1146 1195 1231 imperi-¹⁰

146 1240 256 1302 torum
279 1237 358 1301 artis
383 1237 600 1301 concinnitate
623 1236 795 1319 decipitur,
825 1235 895 1299 auri
917 1234 1046 1320 fulgore
1069 1256 1161 1320 prae·

148 1326 328 1411 stringitur,
351 1325 477 1409 argenti
499 1325 605 1388 nitore
629 1328 662 1388 et
681 1325 819 1389 candore
837 1323 945 1389 eboris
963 1323 1162 1389 hebetatur?
1184 1376 1186 1380 Α

96 1432 129 1482 10
148 1415 263 1499 quodsi
291 1415 324 1478 in
352 1414 496 1478 animum
524 1413 596 1496 quis
619 1413 763 1495 inducat,
789 1411 963 1477 tormentis
985 1412 1108 1497 quibus
1130 1415 1163 1477 et

148 1504 264 1588 quibus
284 1502 443 1567 machinis
463 1502 673 1566 simulacrum
692 1523 786 1567 omne
804 1500 972 1583 formetur,
993 1501 1162 1566 erubescet

148 1592 263 1656 timere
287 1614 322 1655 se
345 1591 513 1655 materiem
538 1591 579 1655 ab
603 1591 739 1673 artifice,
765 1593 803 1655 ut
826 1588 921 1654 deum
948 1588 1087 1671 faceret,
1114 1590 1162 1654 in·
1175 1602 1197 1645 1⁶

98 1697 129 1746 11
149 1681 252 1745 lisam.
290 1680 369 1744 deus
397 1681 483 1745 enim
510 1680 653 1765 ligneus,
680 1679 754 1765 rogi
782 1678 920 1743 fortasse
942 1678 995 1741 uel
1023 1675 1164 1742 infelicis

151 1769 273 1851 stipitis
296 1768 414 1853 portic,
438 1769 647 1851 suspenditur
672 1767 842 1849 [caeditur]
862 1760 992 1831 dolatui
1014 1765 1163 1831 runcina·

99 1874 132 1922 12
151 1860 218 1941 tur3
238 1859 271 1920 ct
290 1856 366 1920 deus
386 1878 498 1920 aereus
517 1858 570 1921 uel
589 1861 760 1942 argenteus
781 1855 819 1920 dc
837 1853 1006 1920 immundo
1019 1855 1163 1939 uasculo,

152 1947 188 2008 ut
206 1945 387 2028 accepimus
405 1945 528 2009 factum
547 1946 712 2030 Aegyptio
731 1945 810 2029 regi,
829 1943 995 2027 conflatur,
1015 1943 1164 2009 tunditur

152 2031 279 2096 malleis
312 2035 345 2096 et
375 2033 411 2096 tu
443 2033 614 2097 incudibus
646 2035 818 2118 figuratum
851 2037 884 2096 et
915 2031 1063 2117 lapideus
1094 2033 1201 2098 dass

153 2120 309 2199 caeditur,
340 2120 496 2204 scalpitur
523 2124 556 2184 ct
583 2121 624 2185 ab
652 2123 814 2206 impurato
842 2121 974 2185 homine
1001 2121 1165 2207 lenigatur

152 2231 211 2275 nec
235 2210 336 2274 sentit
358 2230 434 2274 suae
456 2209 641 2274 natiuitatis
665 2210 828 2294 iniuriam,
850 2210 952 2274 itaut
971 2213 1165 2294 neoposteu

154 2298 192 2363 de
220 2301 330 2364 uestra
359 2298 568 2363 ueneratione
600 2299 770 2364 culturam.
814 2298 880 2362 nisi
907 2297 992 2362 forte
1019 2298 1165 2364 nondum

153 2387 231 2451 deus
264 2410 377 2452 saxum
409 2391 460 2452 est
490 2387 543 2451 uel
574 2387 700 2473 liguum
732 2387 784 2452 uel
815 2390 995 2471 argentum.
1036 2386 1166 2471 quando

103 2494 134 2541 13
153 2476 255 2561 igitur
277 2475 329 2540 hic
352 2474 516 2554 nascitur?
540 2497 611 2541 cccc
634 2476 781 2542 funditur
797 2476 977 2540 fabricatur
995 2475 1201 2560 sculpiturzs

153 2563 298 2628 nondum
323 2563 400 2630 deus
420 2567 482 2649 cst3
505 2586 577 2630 ecce
596 2566 783 2650 plumbatur
801 2565 999 2630 construitur
1018 2564 1166 2650 erigitur:

154 2675 214 2718 nec
238 2652 343 2718 adhuc
367 2652 444 2718 deus
469 2656 532 2738 est3
560 2675 631 2719 ecoe
655 2657 790 2719 ornatur
813 2657 1018 2719 consecratur
1041 2658 1167 2719 oratur:

154 2745 231 2806 tunc
259 2745 425 2826 postremo
454 2742 531 2806 deus
560 2748 622 2826 cst,
652 2765 724 2808 cum
751 2743 850 2807 homo
879 2742 972 2806 illum
999 2743 1109 2807 uoluit
1136 2745 1168 2806 et

106 2828 324 2896 24dedicauit.
366 2853 463 2914 quam
492 2834 585 2896 acute
612 2853 688 2896 uero
713 2830 751 2896 de
776 2831 839 2895 diis
867 2831 985 2896 uestris
1012 2831 1169 2895 animalia

610 2928 634 2967 ι

226 2992 241 3040 2
262 2987 431 3056 ganimeden
448 2993 477 3057 P,
496 3003 565 3043 corr.
585 2988 731 3059 Kocbiusn
750 2995 765 3044 3
784 2989 818 3043 ut
834 2986 991 3057 affigatis
1009 2994 1029 3041 P
1047 2990 1057 3058 fl
1077 2994 1095 3043 4
1113 2987 1168 3044 hiis

153 3064 174 3111 P
188 3060 197 3126 l
211 3064 227 3111 6
243 3075 381 3112 summurn
396 3060 422 3115 I.
434 3060 456 3111 I
456 3104 461 3114 .
474 3058 689 3115 Ocraettssmus:
704 3077 828 3115 summae
840 3065 861 3112 P
874 3063 883 3132 l
898 3067 913 3116 9
928 3060 1027 3114 dorum
1042 3061 1088 3128 (=
1103 3058 1168 3115 deo-

154 3132 228 3198 rum)
247 3130 359 3198 scripsi:
377 3131 476 3184 horum
494 3136 514 3183 P
532 3129 679 3186 hominum
696 3131 829 3186 Halmius
846 3135 856 3202 l
876 3138 910 3186 14
927 3135 964 3198 ξ
983 3131 1130 3186 erubescet
1147 3133 1168 3186 t.

157 3216 187 3254 se
201 3200 318 3254 materie
332 3205 369 3266 ξ
382 3204 408 3270 (e
423 3203 455 3256 da
468 3205 535 3272 ras.)
548 3202 684 3274 Pl1s,1s
698 3201 820 3257 inlusum
829 3209 858 3274 P,
872 3201 994 3276 correct}
1005 3201 1148 3273 lingeusP

158 3277 191 3326 17
209 3271 335 3325 caeditur
348 3274 407 3328 eius
420 3275 493 3342 quod
505 3268 627 3344 sequitur
642 3273 755 3328 dolatur
768 3276 1038 3344 interpretamentum
1050 3276 1149 3330 seclusi

158 3348 192 3397 18
211 3357 291 3396 ereas
309 3345 400 3414 Ρ1119
421 3343 580 3413 accepimus
604 3345 755 3402 Voaeldus:
774 3345 885 3416 saepius
901 3352 921 3399 Ρ
935 3347 944 3417 l
958 3351 993 3400 20
1011 3344 1041 3399 in
1060 3346 1172 3401 addidit

157 3414 302 3468 Meursius
323 3416 327 3483 1
348 3416 416 3469 deus
435 3417 545 3471 addidit
568 3416 706 3471 Votienus
724 3419 733 3487 l
756 3422 791 3471 24
809 3418 904 3472 cratim
922 3419 990 3472 deus
1009 3421 1054 3471 est
1072 3433 1171 3472 saxum

156 3484 265 3611 nell?
280 3486 359 3541 uouit
371 3488 513 3541 Meursius
527 3487 614 3542 coluit
623 3487 774 3554 Dauistus3
789 3488 906 3556 fortasse
918 3487 1031 3560 posuitll
1040 3494 1074 3544 29
1086 3504 1171 3558 quam

156 3571 209 3610 acu
256 3574 323 3612 uero
342 3559 453 3628 scripsi:
473 3560 579 3627 quanta
597 3575 663 3613 uero
681 3564 702 3611 Ρ
721 3561 824 3628 quanto
843 3559 936 3615 uerius
960 3558 1084 3616 Ursinus.
